@inproceedings{speer2012representing,
  title={Representing General Relational Knowledge in ConceptNet 5.},
  author={Speer, Robert and Havasi, Catherine},
  booktitle={LREC},
  pages={3679--3686},
  year={2012}
}

@inproceedings{wu2012probase,
  title={Probase: A probabilistic taxonomy for text understanding},
  author={Wu, Wentao and Li, Hongsong and Wang, Haixun and Zhu, Kenny Q},
  booktitle={Proceedings of the 2012 ACM SIGMOD International Conference on Management of Data},
  pages={481--492},
  year={2012},
  organization={ACM}
}