@inproceedings{augenstein2016stance,
  author    = {Isabelle Augenstein and
               Tim Rockt{\"{a}}schel and
               Andreas Vlachos and
               Kalina Bontcheva},
  title     = {Stance Detection with Bidirectional Conditional Encoding},
  booktitle = {Proceedings of the 2016 Conference on Empirical Methods in Natural
               Language Processing, {EMNLP} 2016, Austin, Texas, USA, November 1-4,
               2016},
  pages     = {876--885},
  year      = {2016},
  crossref  = {DBLP:conf/emnlp/2016},
  url       = {http://aclweb.org/anthology/D/D16/D16-1084.pdf},
  timestamp = {Fri, 04 Nov 2016 14:45:31 +0100},
  biburl    = {http://dblp.uni-trier.de/rec/bib/conf/emnlp/AugensteinRVB16},
  bibsource = {dblp computer science bibliography, http://dblp.org}
}
@unpuplished{bhoopchand2016learning,
  title={{Learning Python Code Suggestion with a Sparse Pointer Network}},
  author={Bhoopchand, Avishkar and Rockt{\"a}schel, Tim and Barr, Earl and Riedel, Sebastian},
  note={Under review at ICLR},
  year={2016}
}
@article{bosnjak2016programming,
  author    = {Matko Bosnjak and
               Tim Rockt{\"{a}}schel and 
			   Jason Naradowsky and
			   Sebastian Riedel},
  title     = {Programming with a Differentiable Forth Interpreter},
  journal   = {CoRR},
  volume    = {abs/1605.06640},
  year      = {2016},
  url       = {http://arxiv.org/abs/1605.06640},
  timestamp = {Wed, 01 Jun 2016 15:51:08 +0200},
  biburl    = {http://dblp.uni-trier.de/rec/bib/journals/corr/RiedelBR16},
  bibsource = {dblp computer science bibliography, http://dblp.org}  
}
@inproceedings{daniluk2017frustratingly,
  title={{Frustratingly Short Attention Spans in Neural Language Modeling}},
  author={Daniluk, Michal and Rockt{\"a}schel, Tim and Welbl, Johannes and Riedel, Sebastian},
  booktitle={International Conference on Learning Representations (ICLR)},
  year={2017}
}
@inproceedings{demeester2016lifted,
  author    = {Thomas Demeester and
               Tim Rockt{\"{a}}schel and
               Sebastian Riedel},
  title     = {Lifted Rule Injection for Relation Embeddings},
  booktitle = {Proceedings of the 2016 Conference on Empirical Methods in Natural
               Language Processing, {EMNLP} 2016, Austin, Texas, USA, November 1-4,
               2016},
  pages     = {1389--1399},
  year      = {2016},
  crossref  = {DBLP:conf/emnlp/2016},
  url       = {http://aclweb.org/anthology/D/D16/D16-1146.pdf},
  timestamp = {Fri, 04 Nov 2016 14:45:31 +0100},
  biburl    = {http://dblp.uni-trier.de/rec/bib/conf/emnlp/DemeesterRR16},
  bibsource = {dblp computer science bibliography, http://dblp.org}
}
@inproceedings{demeester2016regularizing,
  author    = {Thomas Demeester and
               Tim Rockt{\"{a}}schel and
               Sebastian Riedel},
  title     = {Regularizing Relation Representations by First-order Implications},
  booktitle = {Proceedings of the 5th Workshop on Automated Knowledge Base Construction,
               AKBC@NAACL-HLT 2016, San Diego, CA, USA, June 17, 2016},
  pages     = {75--80},
  year      = {2016},
  crossref  = {DBLP:conf/akbc/2016},
  url       = {http://aclweb.org/anthology/W/W16/W16-1314.pdf},
  timestamp = {Mon, 19 Sep 2016 17:25:37 +0200},
  biburl    = {http://dblp.uni-trier.de/rec/bib/conf/akbc/DemeesterRR16},
  bibsource = {dblp computer science bibliography, http://dblp.org}
}
@inproceedings{eisner2016emoji2vec,
  title={emoji2vec: Learning Emoji Representations from their Description},
  author={Eisner, Ben and Rockt{\"a}schel, Tim and Augenstein, Isabelle and Bosnjak, Matko and Riedel, Sebastian},
  booktitle={EMNLP Workshop on Natural Language Processing for Social Media (SocialNLP)},
  year={2016}
}
@inproceedings{huber2013extended,
  title={{Extended Feature Set for Chemical Named Entity Recognition and Indexing}},
  author={Huber, Torsten and Rockt{\"a}schel, Tim and Weidlich, Michael and Thomas, Philippe and Leser, Ulf},
  booktitle={BioCreative Challenge Evaluation Workshop vol. 2},
  pages={88},
  year={2013}
}
@article{kolesnyk2016generating,
  title={Generating Natural Language Inference Chains},
  author={Kolesnyk, Vladyslav and Rockt{\"a}schel, Tim and Riedel, Sebastian},
  journal={arXiv preprint arXiv:1606.01404},
  year={2016}
}
@article{krallinger2015chemdner,
  title={The CHEMDNER corpus of chemicals and drugs and its annotation principles},
  author={Krallinger, Martin and Rabal, Obdulia and Leitner, Florian and Vazquez, Miguel and Salgado, David and Lu, Zhiyong and Leaman, Robert and Lu, Yanan and Ji, Donghong and Lowe, Daniel M and others},
  journal={Journal of Cheminformatics},
  number={Suppl 1},
  pages={S2},
  year={2015},
  publisher={Chemistry Central Ltd}
}
@inproceedings{riedel2014wolfe,
    author={Sebastian Riedel and Sameer Singh and Vivek Srikumar and Tim Rockt{\"a}schel and Larysa Visengeriyeva and Jan Noessner}, 
    booktitle={International Workshop on Statistical Relational AI (StarAI)}, 
    year={2014}, 
    url={http://svivek.com/research/publications/RSSRVN2014.pdf},
    title={{WOLFE: Strength Reduction and Approximate Programming for Probabilistic Programming}}, 
}
@incollection{riedel2015towards,
  title={Towards Two-Way Interaction with Reading Machines},
  author={Riedel, Sebastian and Singh, Sameer and Bouchard, Guillaume and Rockt{\"a}schel, Tim and Sanchez, Ivan},
  booktitle={Statistical Language and Speech Processing},
  pages={1--7},
  year={2015},
  publisher={Springer}
}
@article{rocktaschel2012chemspot,
  title={ChemSpot: a hybrid system for chemical named entity recognition},
  author={Rockt{\"a}schel, Tim and Weidlich, Michael and Leser, Ulf},
  journal={Bioinformatics},
  volume={28},
  number={12},
  pages={1633--1640},
  year={2012},
  publisher={Oxford Univ Press}
}
@inproceedings{rocktaschel2013wbi,
  title={{WBI-NER: The impact of domain-specific features on the performance of identifying and classifying mentions of drugs}},
  author={Rockt{\"a}schel, Tim and Huber, Torsten and Weidlich, Michael and Leser, Ulf},
  booktitle={Proceedings of the 7th International Workshop on Semantic Evaluation (SemEval 2013)},
  year={2013}
}
@inproceedings{rocktaschel2014low,
  title={{Low-Dimensional Embeddings of Logic}},
  author={Rockt{\"a}schel, Tim and Bosnjak, Matko and Singh, Sameer and Riedel, Sebastian},
  booktitle={ACL Workshop on Semantic Parsing (SP'14)},
  year={2014},
  webnote={Google Exeptional Submission Award}
}
@inproceedings{rocktaschel2015injecting,
  title={{Injecting Logical Background Knowledge into Embeddings for Relation Extraction}},
  author={Rockt{\"a}schel, Tim and Singh, Sameer and Riedel, Sebastian},
  booktitle = {NAACL},
  year={2015}
}
@inproceedings{rocktaschel2016learning,
  title={Learning Knowledge Base Inference with Neural Theorem Provers},
  author={Rockt{\"a}schel, Tim and Riedel, Sebastian},
  booktitle={NAACL Workshop on Automated Knowledge Base Construction (AKBC)},
  year={2016}
}
@inproceedings{rocktaschel2016reasoning,
  title={Reasoning about Entailment with Neural Attention},
  author={Rockt{\"a}schel, Tim and Grefenstette, Edward and Hermann, Karl Moritz and Kocisky, Tomas and Blunsom, Phil},
  booktitle={International Conference on Learning Representations (ICLR)},
  year={2016}
}
@inproceedings{sanchez2015towards,
  title={{Towards Extracting Faithful and Descriptive Representations of Latent Variable Models}},
  author={Sanchez, Ivan and Rockt{\"a}schel, Tim and Riedel, Sebastian and Singh, Sameer},
  booktitle={AAAI Spring Symposium on Knowledge Representation and Reasoning},
  year={2015}
}
@inproceedings{singh2014designing,
  title={{Designing an IDE for Probabilistic Programming: Challenges and a Prototype}},
  author={Singh, Sameer and Riedel, Sebastian and Hewitt, Luke and Rockt{\"a}schel, Tim},
  booktitle={NIPS Workshop on Probabilistic Programming},
  year={2014}
}
@inproceedings{singh2015towards,
  title={{Towards Combined Matrix and Tensor Factorization for Universal Schema Relation Extraction}},
  author={Singh, Sameer and Rockt{\"a}schel, Tim and Riedel, Sebastian},
  booktitle = {NAACL Workshop on Vector Space Modeling for NLP (VSM)},
  year={2015}
}
@inproceedings{thomas2013wbi,
  title={{WBI-DDI: Drug-Drug Interaction Extraction using Majority Voting}},
  author={Thomas, Philippe and Neves, Mariana and Rockt{\"a}schel, Tim and Leser, Ulf},
  booktitle={Proceedings of the 7th International Workshop on Semantic Evaluation (SemEval 2013)},
  year={2013}
}
@article{thomas2016seth,
  title={SETH detects and normalizes genetic variants in text},
  author={Thomas, Philippe and Rockt{\"a}schel, Tim and Hakenberg, J{\"o}rg and Lichtblau, Yvonne and Leser, Ulf},
  journal={Bioinformatics},
  year={2016}
}
@inproceedings{weissenborn2016mufuru,
  title={MuFuRU: The Multi-Function Recurrent Unit},
  author={Weissenborn, Dirk and Rockt{\"a}schel, Tim},
  booktitle={ACL Workshop on Representation Learning for NLP (RepL4NLP)},
  year={2016}
}
@article{abadi2015tensorflow,
  author    = {Mart{\'{\i}}n Abadi and
               Ashish Agarwal and
               Paul Barham and
               Eugene Brevdo and
               Zhifeng Chen and
               Craig Citro and
               Gregory S. Corrado and
               Andy Davis and
               Jeffrey Dean and
               Matthieu Devin and
               Sanjay Ghemawat and
               Ian J. Goodfellow and
               Andrew Harp and
               Geoffrey Irving and
               Michael Isard and
               Yangqing Jia and
               Rafal J{\'{o}}zefowicz and
               Lukasz Kaiser and
               Manjunath Kudlur and
               Josh Levenberg and
               Dan Man{\'{e}} and
               Rajat Monga and
               Sherry Moore and
               Derek Gordon Murray and
               Chris Olah and
               Mike Schuster and
               Jonathon Shlens and
               Benoit Steiner and
               Ilya Sutskever and
               Kunal Talwar and
               Paul A. Tucker and
               Vincent Vanhoucke and
               Vijay Vasudevan and
               Fernanda B. Vi{\'{e}}gas and
               Oriol Vinyals and
               Pete Warden and
               Martin Wattenberg and
               Martin Wicke and
               Yuan Yu and
               Xiaoqiang Zheng},
  title     = {TensorFlow: Large-Scale Machine Learning on Heterogeneous Distributed
               Systems},
  journal   = {CoRR},
  volume    = {abs/1603.04467},
  year      = {2016},
  url       = {http://arxiv.org/abs/1603.04467},
  timestamp = {Fri, 01 Jul 2016 14:44:15 +0200},
  biburl    = {http://dblp.uni-trier.de/rec/bib/journals/corr/AbadiABBCCCDDDG16},
  bibsource = {dblp computer science bibliography, http://dblp.org}
}@article{abu1990learning,
  author    = {Yaser S. Abu{-}Mostafa},
  title     = {Learning from hints in neural networks},
  journal   = {J. Complexity},
  volume    = {6},
  number    = {2},
  pages     = {192--198},
  year      = {1990},
  url       = {http://dx.doi.org/10.1016/0885-064X(90)90006-Y},
  doi       = {10.1016/0885-064X(90)90006-Y},
  timestamp = {Tue, 08 Nov 2005 12:08:13 +0100},
  biburl    = {http://dblp.uni-trier.de/rec/bib/journals/jc/Abu-Mostafa90},
  bibsource = {dblp computer science bibliography, http://dblp.org}
}
@article{acar2011all,
  title={All-at-once optimization for coupled matrix and tensor factorizations},
  author={Acar, Evrim and Kolda, Tamara G and Dunlavy, Daniel M},
  journal={arXiv preprint arXiv:1105.3422},
  year={2011}
}
@article{al2016theano,
  author    = {Rami Al{-}Rfou and
               Guillaume Alain and
               Amjad Almahairi and
               Christof Angerm{\"{u}}ller and
               Dzmitry Bahdanau and
               Nicolas Ballas and
               Fr{\'{e}}d{\'{e}}ric Bastien and
               Justin Bayer and
               Anatoly Belikov and
               Alexander Belopolsky and
               Yoshua Bengio and
               Arnaud Bergeron and
               James Bergstra and
               Valentin Bisson and
               Josh Bleecher Snyder and
               Nicolas Bouchard and
               Nicolas Boulanger{-}Lewandowski and
               Xavier Bouthillier and
               Alexandre de Br{\'{e}}bisson and
               Olivier Breuleux and
               Pierre Luc Carrier and
               Kyunghyun Cho and
               Jan Chorowski and
               Paul Christiano and
               Tim Cooijmans and
               Marc{-}Alexandre C{\^{o}}t{\'{e}} and
               Myriam C{\^{o}}t{\'{e}} and
               Aaron C. Courville and
               Yann N. Dauphin and
               Olivier Delalleau and
               Julien Demouth and
               Guillaume Desjardins and
               Sander Dieleman and
               Laurent Dinh and
               Melanie Ducoffe and
               Vincent Dumoulin and
               Samira Ebrahimi Kahou and
               Dumitru Erhan and
               Ziye Fan and
               Orhan Firat and
               Mathieu Germain and
               Xavier Glorot and
               Ian J. Goodfellow and
               Matthew Graham and
               {\c{C}}aglar G{\"{u}}l{\c{c}}ehre and
               Philippe Hamel and
               Iban Harlouchet and
               Jean{-}Philippe Heng and
               Bal{\'{a}}zs Hidasi and
               Sina Honari and
               Arjun Jain and
               S{\'{e}}bastien Jean and
               Kai Jia and
               Mikhail Korobov and
               Vivek Kulkarni and
               Alex Lamb and
               Pascal Lamblin and
               Eric Larsen and
               C{\'{e}}sar Laurent and
               Sean Lee and
               Simon Lefran{\c{c}}ois and
               Simon Lemieux and
               Nicholas L{\'{e}}onard and
               Zhouhan Lin and
               Jesse A. Livezey and
               Cory Lorenz and
               Jeremiah Lowin and
               Qianli Ma and
               Pierre{-}Antoine Manzagol and
               Olivier Mastropietro and
               Robert McGibbon and
               Roland Memisevic and
               Bart van Merri{\"{e}}nboer and
               Vincent Michalski and
               Mehdi Mirza and
               Alberto Orlandi and
               Christopher Joseph Pal and
               Razvan Pascanu and
               Mohammad Pezeshki and
               Colin Raffel and
               Daniel Renshaw and
               Matthew Rocklin and
               Adriana Romero and
               Markus Roth and
               Peter Sadowski and
               John Salvatier and
               Fran{\c{c}}ois Savard and
               Jan Schl{\"{u}}ter and
               John Schulman and
               Gabriel Schwartz and
               Iulian Vlad Serban and
               Dmitriy Serdyuk and
               Samira Shabanian and
               {\'{E}}tienne Simon and
               Sigurd Spieckermann and
               S. Ramana Subramanyam and
               Jakub Sygnowski and
               J{\'{e}}r{\'{e}}mie Tanguay and
               Gijs van Tulder and
               Joseph P. Turian and
               Sebastian Urban and
               Pascal Vincent and
               Francesco Visin and
               Harm de Vries and
               David Warde{-}Farley and
               Dustin J. Webb and
               Matthew Willson and
               Kelvin Xu and
               Lijun Xue and
               Li Yao and
               Saizheng Zhang and
               Ying Zhang},
  title     = {Theano: {A} Python framework for fast computation of mathematical
               expressions},
  journal   = {CoRR},
  volume    = {abs/1605.02688},
  year      = {2016},
  url       = {http://arxiv.org/abs/1605.02688},
  timestamp = {Wed, 28 Dec 2016 11:28:29 +0100},
  biburl    = {http://dblp.uni-trier.de/rec/bib/journals/corr/Al-RfouAAa16},
  bibsource = {dblp computer science bibliography, http://dblp.org}
}
@article{anandkumar2012tensor,
  title={Tensor decompositions for learning latent variable models},
  author={Anandkumar, Anima and Ge, Rong and Hsu, Daniel and Kakade, Sham M and Telgarsky, Matus},
  journal={arXiv preprint arXiv:1210.7559},
  year={2012}
}
@inproceedings{andrychowicz2016learning,
  author    = {Marcin Andrychowicz and
               Misha Denil and
               Sergio Gomez Colmenarejo and
               Matthew W. Hoffman and
               David Pfau and
               Tom Schaul and
               Nando de Freitas},
  title     = {Learning to learn by gradient descent by gradient descent},
  booktitle = {Advances in Neural Information Processing Systems 29: Annual Conference
               on Neural Information Processing Systems 2016, December 5-10, 2016,
               Barcelona, Spain},
  pages     = {3981--3989},
  year      = {2016},
  crossref  = {DBLP:conf/nips/2016},
  url       = {http://papers.nips.cc/paper/6461-learning-to-learn-by-gradient-descent-by-gradient-descent},
  timestamp = {Fri, 03 Mar 2017 14:59:41 +0100},
  biburl    = {http://dblp.uni-trier.de/rec/bib/conf/nips/AndrychowiczDCH16},
  bibsource = {dblp computer science bibliography, http://dblp.org}
}
@inproceedings{angeli2014naturalli,
  author    = {Gabor Angeli and
               Christopher D. Manning},
  title     = {NaturalLI: Natural Logic Inference for Common Sense Reasoning},
  booktitle = {Proceedings of the 2014 Conference on Empirical Methods in Natural
               Language Processing, {EMNLP} 2014, October 25-29, 2014, Doha, Qatar,
               {A} meeting of SIGDAT, a Special Interest Group of the {ACL}},
  pages     = {534--545},
  year      = {2014},
  crossref  = {DBLP:conf/emnlp/2014},
  url       = {http://aclweb.org/anthology/D/D14/D14-1059.pdf},
  timestamp = {Sat, 15 Nov 2014 14:45:18 +0100},
  biburl    = {http://dblp.uni-trier.de/rec/bib/conf/emnlp/AngeliM14},
  bibsource = {dblp computer science bibliography, http://dblp.org}
}
@article{argyriou2008convex,
  title={Convex multi-task feature learning},
  author={Argyriou, Andreas and Evgeniou, Theodoros and Pontil, Massimiliano},
  journal={Machine Learning},
  volume={73},
  number={3},
  pages={243--272},
  year={2008},
  publisher={Springer}
}
@article{arjovsky2015unitary,
  title={Unitary Evolution Recurrent Neural Networks},
  author={Arjovsky, Martin and Shah, Amar and Bengio, Yoshua},
  journal={arXiv preprint arXiv:1511.06464},
  year={2015}
}
@inproceedings{artzi2014learning,
  title={Learning Compact Lexicons for CCG Semantic Parsing},
  author={Artzi, Yoav and Petrov, Dipanjan Das Slav},
  booktitle={EMNLP},
  year={2014}
}
@inproceedings{baader2007completing,
  author    = {Franz Baader and
               Bernhard Ganter and
               Baris Sertkaya and
               Ulrike Sattler},
  title     = {Completing Description Logic Knowledge Bases Using Formal Concept
               Analysis},
  booktitle = {{IJCAI} 2007, Proceedings of the 20th International Joint Conference
               on Artificial Intelligence, Hyderabad, India, January 6-12, 2007},
  pages     = {230--235},
  year      = {2007},
  crossref  = {DBLP:conf/ijcai/2007},
  url       = {http://ijcai.org/Proceedings/07/Papers/035.pdf},
  timestamp = {Wed, 20 Jul 2016 13:58:40 +0200},
  biburl    = {http://dblp.uni-trier.de/rec/bib/conf/ijcai/BaaderGSS07},
  bibsource = {dblp computer science bibliography, http://dblp.org}
}
@inproceedings{bach2002learning,
  title={Learning graphical models with Mercer kernels},
  author={Bach, Francis R and Jordan, Michael I},
  booktitle={Advances in Neural Information Processing Systems},
  pages={1009--1016},
  year={2002}
}
@inproceedings{bader2007temporal,
  title={Temporal analysis of semantic graphs using ASALSAN},
  author={Bader, Brett W and Harshman, Richard A and Kolda, Tamara G},
  booktitle={Data Mining, 2007. ICDM 2007. Seventh IEEE International Conference on},
  pages={33--42},
  year={2007},
  organization={IEEE}
}
@article{bahdanau2014neural,
  author    = {Dzmitry Bahdanau and
               Kyunghyun Cho and
               Yoshua Bengio},
  title     = {Neural Machine Translation by Jointly Learning to Align and Translate},
  journal   = {CoRR},
  volume    = {abs/1409.0473},
  year      = {2014},
  url       = {http://arxiv.org/abs/1409.0473},
  timestamp = {Wed, 01 Oct 2014 15:00:04 +0200},
  biburl    = {http://dblp.uni-trier.de/rec/bib/journals/corr/BahdanauCB14},
  bibsource = {dblp computer science bibliography, http://dblp.org}
}@inproceedings{beltagy2013montague,
 author    = {Islam Beltagy and
               Cuong Chau and
               Gemma Boleda and
               Dan Garrette and
               Katrin Erk and
               Raymond J. Mooney},
  title     = {Montague Meets Markov: Deep Semantics with Probabilistic Logical Form},
  booktitle = {Proceedings of the Second Joint Conference on Lexical and Computational
               Semantics, *SEM 2013, June 13-14, 2013, Atlanta, Georgia, {USA.}},
  pages     = {11--21},
  year      = {2013},
  crossref  = {DBLP:conf/starsem/2013},
  url       = {http://aclweb.org/anthology/S/S13/S13-1002.pdf},
  timestamp = {Wed, 05 Oct 2016 12:02:38 +0200},
  biburl    = {http://dblp.uni-trier.de/rec/bib/conf/starsem/BeltagyCBGEM13},
  bibsource = {dblp computer science bibliography, http://dblp.org}
}
@inproceedings{beltagy2014probabilistic,
  author    = {Islam Beltagy and
               Katrin Erk and
               Raymond J. Mooney},
  title     = {Probabilistic Soft Logic for Semantic Textual Similarity},
  booktitle = {Proceedings of the 52nd Annual Meeting of the Association for Computational
               Linguistics, {ACL} 2014, June 22-27, 2014, Baltimore, MD, USA, Volume
               1: Long Papers},
  pages     = {1210--1219},
  year      = {2014},
  crossref  = {DBLP:conf/acl/2014-1},
  url       = {http://aclweb.org/anthology/P/P14/P14-1114.pdf},
  timestamp = {Sun, 20 Jul 2014 18:08:18 +0200},
  biburl    = {http://dblp.uni-trier.de/rec/bib/conf/acl/BeltagyEM14},
  bibsource = {dblp computer science bibliography, http://dblp.org}
}
@inproceedings{beltagy2015proper,
  author    = {Islam Beltagy and
               Katrin Erk},
  title     = {On the Proper Treatment of Quantifiers in Probabilistic Logic Semantics},
  booktitle = {Proceedings of the 11th International Conference on Computational
               Semantics, {IWCS} 2015, 15-17 April, 2015, Queen Mary University of
               London, London, {UK}},
  pages     = {140--150},
  year      = {2015},
  crossref  = {DBLP:conf/iwcs/2015},
  url       = {http://aclweb.org/anthology/W/W15/W15-0119.pdf},
  timestamp = {Mon, 19 Sep 2016 18:00:44 +0200},
  biburl    = {http://dblp.uni-trier.de/rec/bib/conf/iwcs/BeltagyE15},
  bibsource = {dblp computer science bibliography, http://dblp.org}
}
@article{beltagy2015representing,
  author    = {Islam Beltagy and
               Stephen Roller and
               Pengxiang Cheng and
               Katrin Erk and
               Raymond J. Mooney},
  title     = {Representing Meaning with a Combination of Logical Form and Vectors},
  journal   = {CoRR},
  volume    = {abs/1505.06816},
  year      = {2015},
  url       = {http://arxiv.org/abs/1505.06816},
  timestamp = {Mon, 01 Jun 2015 14:13:54 +0200},
  biburl    = {http://dblp.uni-trier.de/rec/bib/journals/corr/BeltagyRCEM15},
  bibsource = {dblp computer science bibliography, http://dblp.org}
}@article{bender2013linguistic,
  title={Linguistic fundamentals for natural language processing: 100 essentials from morphology and syntax},
  author={Bender, Emily M},
  journal={Synthesis Lectures on Human Language Technologies},
  volume={6},
  number={3},
  pages={1--184},
  year={2013},
  publisher={Morgan \& Claypool Publishers}
}
@incollection{bengio2006neural,
  title={Neural probabilistic language models},
  author={Bengio, Yoshua and Schwenk, Holger and Sen{\'e}cal, Jean-S{\'e}bastien and Morin, Fr{\'e}deric and Gauvain, Jean-Luc},
  booktitle={Innovations in Machine Learning},
  pages={137--186},
  year={2006},
  publisher={Springer}
}
@article{bengio2009learning,
  title={Learning deep architectures for AI},
  author={Bengio, Yoshua},
  journal={Foundations and trends{\textregistered} in Machine Learning},
  volume={2},
  number={1},
  pages={1--127},
  year={2009},
  publisher={Now Publishers Inc.}
}
@incollection{bengio2012practical,
  title={Practical recommendations for gradient-based training of deep architectures},
  author={Bengio, Yoshua},
  booktitle={Neural Networks: Tricks of the Trade},
  pages={437--478},
  year={2012},
  publisher={Springer}
}
@article{bengio2013representation,
  title={Representation learning: A review and new perspectives},
  author={Bengio, Yoshua and Courville, Aaron and Vincent, Pascal},
  year={2013},
  publisher={IEEE}
}
@inproceedings{berant2014semantic,
  title={Semantic parsing via paraphrasing},
  author={Berant, Jonathan and Liang, Percy},
  booktitle={Proc. of ACL},
  year={2014}
}
@inproceedings{bergstra2010theano,
  title={Theano: A CPU and GPU math compiler in Python},
  author={Bergstra, James and Breuleux, Olivier and Bastien, Fr{\'e}d{\'e}ric and Lamblin, Pascal and Pascanu, Razvan and Desjardins, Guillaume and Turian, Joseph and Warde-Farley, David and Bengio, Yoshua},
  booktitle={Proc. 9th Python in Science Conf},
  pages={1--7},
  year={2010}
}
@article{bertsimas1997introduction,
  title={Introduction to linear optimization},
  author={Bertsimas, Dimitris and Tsitsiklis, John N},
  year={1997},
  publisher={Athena Scientific Belmont, MA}
}
@inproceedings{bollacker2008freebase,
  author    = {Kurt D. Bollacker and
               Colin Evans and
               Praveen Paritosh and
               Tim Sturge and
               Jamie Taylor},
  title     = {Freebase: a collaboratively created graph database for structuring
               human knowledge},
  booktitle = {Proceedings of the {ACM} {SIGMOD} International Conference on Management
               of Data, {SIGMOD} 2008, Vancouver, BC, Canada, June 10-12, 2008},
  pages     = {1247--1250},
  year      = {2008},
  crossref  = {DBLP:conf/sigmod/2008},
  url       = {http://doi.acm.org/10.1145/1376616.1376746},
  doi       = {10.1145/1376616.1376746},
  timestamp = {Tue, 10 Jun 2008 07:38:05 +0200},
  biburl    = {http://dblp.uni-trier.de/rec/bib/conf/sigmod/BollackerEPST08},
  bibsource = {dblp computer science bibliography, http://dblp.org}
}
@inproceedings{bordes2011learning,
  author    = {Antoine Bordes and
               Jason Weston and
               Ronan Collobert and
               Yoshua Bengio},
  title     = {Learning Structured Embeddings of Knowledge Bases},
  booktitle = {Proceedings of the Twenty-Fifth {AAAI} Conference on Artificial Intelligence,
               {AAAI} 2011, San Francisco, California, USA, August 7-11, 2011},
  year      = {2011},
  crossref  = {DBLP:conf/aaai/2011},
  url       = {http://www.aaai.org/ocs/index.php/AAAI/AAAI11/paper/view/3659},
  timestamp = {Tue, 09 Aug 2011 08:42:18 +0200},
  biburl    = {http://dblp.uni-trier.de/rec/bib/conf/aaai/BordesWCB11},
  bibsource = {dblp computer science bibliography, http://dblp.org}
}
@inproceedings{bordes2013translating,
  author    = {Antoine Bordes and
               Nicolas Usunier and
               Alberto Garc{\'{\i}}a{-}Dur{\'{a}}n and
               Jason Weston and
               Oksana Yakhnenko},
  title     = {Translating Embeddings for Modeling Multi-relational Data},
  booktitle = {Advances in Neural Information Processing Systems 26: 27th Annual
               Conference on Neural Information Processing Systems 2013. Proceedings
               of a meeting held December 5-8, 2013, Lake Tahoe, Nevada, United States.},
  pages     = {2787--2795},
  year      = {2013},
  crossref  = {DBLP:conf/nips/2013},
  url       = {http://papers.nips.cc/paper/5071-translating-embeddings-for-modeling-multi-relational-data},
  timestamp = {Fri, 31 Jan 2014 12:11:40 +0100},
  biburl    = {http://dblp.uni-trier.de/rec/bib/conf/nips/BordesUGWY13},
  bibsource = {dblp computer science bibliography, http://dblp.org}
}
@article{bordes2014semantic,
  title={A semantic matching energy function for learning with multi-relational data},
  author={Bordes, Antoine and Glorot, Xavier and Weston, Jason and Bengio, Yoshua},
  journal={Machine Learning},
  pages={233--259},
  year={2014},
  publisher={Springer}
}
@inproceedings{bos2005recognising,
  author    = {Johan Bos and
               Katja Markert},
  title     = {Recognising Textual Entailment with Logical Inference},
  booktitle = {{HLT/EMNLP} 2005, Human Language Technology Conference and Conference
               on Empirical Methods in Natural Language Processing, Proceedings of
               the Conference, 6-8 October 2005, Vancouver, British Columbia, Canada},
  pages     = {628--635},
  year      = {2005},
  crossref  = {DBLP:conf/naacl/2005},
  url       = {http://aclweb.org/anthology/H/H05/H05-1079.pdf},
  timestamp = {Mon, 19 Dec 2016 14:37:14 +0100},
  biburl    = {http://dblp.uni-trier.de/rec/bib/conf/naacl/BosM05},
  bibsource = {dblp computer science bibliography, http://dblp.org}
}
@inproceedings{bos2008semantics,
    author = {Johan Bos},
    title = {Wide-Coverage Semantic Analysis with Boxer},
    booktitle = {Semantics in Text Processing. STEP 2008 Conference Proceedings, volume 1 of Research in Computational Semantics},
    year = {2008},
    pages = {277--286},
    publisher = {College Publications}
}
@inproceedings{bouchard2015approximate,
  title={On approximate reasoning capabilities of low-rank vector spaces},
  author={Bouchard, Guillaume and Singh, Sameer and Trouillon, Theo},
  booktitle={Proceedings of the 20015 AAAI Spring Symposium on Knowledge Representation and Reasoning (KRR): Integrating Symbolic and Neural Approaches},
  year={2015},
  publisher={Citeseer}
}
@inproceedings{bowman2013can,
  author    = {Samuel R. Bowman},
  title     = {Can recursive neural tensor networks learn logical reasoning?},
  journal   = {CoRR},
  volume    = {abs/1312.6192},
  year      = {2013},
  url       = {http://arxiv.org/abs/1312.6192},
  timestamp = {Mon, 06 Jan 2014 15:10:41 +0100},
  biburl    = {http://dblp.uni-trier.de/rec/bib/journals/corr/Bowman13},
  bibsource = {dblp computer science bibliography, http://dblp.org}
}
 @unpublished{yao2014universal,
	author = "Limin Yao",
	title = "Universal Schema for Knowledge Representation from Text and Structured Data",
	year = 2014
}
@article{bowman2015generating,
  title={Generating Sentences from a Continuous Space},
  author={Bowman, Samuel R and Vilnis, Luke and Vinyals, Oriol and Dai, Andrew M and Jozefowicz, Rafal and Bengio, Samy},
  journal={arXiv preprint arXiv:1511.06349},
  year={2015}
}
@inproceedings{bowman2015large,
  author    = {Samuel R. Bowman and
               Gabor Angeli and
               Christopher Potts and
               Christopher D. Manning},
  title     = {A large annotated corpus for learning natural language inference},
  booktitle = {Proceedings of the 2015 Conference on Empirical Methods in Natural
               Language Processing, {EMNLP} 2015, Lisbon, Portugal, September 17-21,
               2015},
  pages     = {632--642},
  year      = {2015},
  crossref  = {DBLP:conf/emnlp/2015},
  url       = {http://aclweb.org/anthology/D/D15/D15-1075.pdf},
  timestamp = {Wed, 14 Oct 2015 09:56:24 +0200},
  biburl    = {http://dblp.uni-trier.de/rec/bib/conf/emnlp/BowmanAPM15},
  bibsource = {dblp computer science bibliography, http://dblp.org}
}@inproceedings{bowman2016fast,
  author    = {Samuel R. Bowman and
               Jon Gauthier and
               Abhinav Rastogi and
               Raghav Gupta and
               Christopher D. Manning and
               Christopher Potts},
  title     = {A Fast Unified Model for Parsing and Sentence Understanding},
  booktitle = {Proceedings of the 54th Annual Meeting of the Association for Computational
               Linguistics, {ACL} 2016, August 7-12, 2016, Berlin, Germany, Volume
               1: Long Papers},
  year      = {2016},
  crossref  = {DBLP:conf/acl/2016-1},
  url       = {http://aclweb.org/anthology/P/P16/P16-1139.pdf},
  timestamp = {Mon, 15 Aug 2016 20:10:51 +0200},
  biburl    = {http://dblp.uni-trier.de/rec/bib/conf/acl/BowmanGRGMP16},
  bibsource = {dblp computer science bibliography, http://dblp.org}
}
@book{boyd2009convex,
  title={Convex optimization},
  author={Boyd, Stephen and Vandenberghe, Lieven},
  year={2009},
  publisher={Cambridge university press}
}
@article{boyd2011distributed,
  title={Distributed optimization and statistical learning via the alternating direction method of multipliers},
  author={Boyd, Stephen and Parikh, Neal and Chu, Eric and Peleato, Borja and Eckstein, Jonathan},
  journal={Foundations and Trends{\textregistered} in Machine Learning},
  volume={3},
  number={1},
  pages={1--122},
  year={2011},
  publisher={Now Publishers Inc.}
}
@techreport{broomhead1988radial,
  title={Radial basis functions, multi-variable functional interpolation and adaptive networks},
  author={Broomhead, David S and Lowe, David},
  year={1988},
  institution={DTIC Document}
}
@article{byrd1995limited,
  author    = {Richard H. Byrd and
               Peihuang Lu and
               Jorge Nocedal and
               Ciyou Zhu},
  title     = {A Limited Memory Algorithm for Bound Constrained Optimization},
  journal   = {{SIAM} J. Scientific Computing},
  volume    = {16},
  number    = {5},
  pages     = {1190--1208},
  year      = {1995},
  url       = {http://dx.doi.org/10.1137/0916069},
  doi       = {10.1137/0916069},
  timestamp = {Fri, 31 Jul 2015 15:00:39 +0200},
  biburl    = {http://dblp.uni-trier.de/rec/bib/journals/siamsc/ByrdLNZ95},
  bibsource = {dblp computer science bibliography, http://dblp.org}
}
@inproceedings{carlson2010coupled,
  author    = {Andrew Carlson and
               Justin Betteridge and
               Richard C. Wang and
               Estevam R. Hruschka Jr. and
               Tom M. Mitchell},
  title     = {Coupled semi-supervised learning for information extraction},
  booktitle = {Proceedings of the Third International Conference on Web Search and
               Web Data Mining, {WSDM} 2010, New York, NY, USA, February 4-6, 2010},
  pages     = {101--110},
  year      = {2010},
  crossref  = {DBLP:conf/wsdm/2010},
  url       = {http://doi.acm.org/10.1145/1718487.1718501},
  doi       = {10.1145/1718487.1718501},
  timestamp = {Tue, 12 Feb 2013 08:08:01 +0100},
  biburl    = {http://dblp.uni-trier.de/rec/bib/conf/wsdm/CarlsonBWHM10},
  bibsource = {dblp computer science bibliography, http://dblp.org}
}@article{carroll1970analysis,
  title={Analysis of individual differences in multidimensional scaling via an N-way generalization of “Eckart-Young” decomposition},
  author={Carroll, J Douglas and Chang, Jih-Jie},
  journal={Psychometrika},
  volume={35},
  number={3},
  pages={283--319},
  year={1970},
  publisher={Springer}
}
@inproceedings{DBLP:conf/acl/ChangRR07,
  author    = {Ming{-}Wei Chang and
               Lev{-}Arie Ratinov and
               Dan Roth},
  title     = {Guiding Semi-Supervision with Constraint-Driven Learning},
  booktitle = {{ACL} 2007, Proceedings of the 45th Annual Meeting of the Association
               for Computational Linguistics, June 23-30, 2007, Prague, Czech Republic},
  year      = {2007},
  crossref  = {DBLP:conf/acl/2007},
  url       = {http://aclweb.org/anthology-new/P/P07/P07-1036.pdf},
  timestamp = {Mon, 19 Dec 2016 13:30:27 +0100},
  biburl    = {http://dblp.uni-trier.de/rec/bib/conf/acl/ChangRR07},
  bibsource = {dblp computer science bibliography, http://dblp.org}
}@article{chang2013multi,
  title={Multi-Relational Latent Semantic Analysis},
  author={Chang, Kai-Wei and Yih, Wen-tau and Meek, Christopher},
  year={2013}
}
@inproceedings{chang2014typed,
  author    = {Kai{-}Wei Chang and
               Wen{-}tau Yih and
               Bishan Yang and
               Christopher Meek},
  title     = {Typed Tensor Decomposition of Knowledge Bases for Relation Extraction},
  booktitle = {Proceedings of the 2014 Conference on Empirical Methods in Natural
               Language Processing, {EMNLP} 2014, October 25-29, 2014, Doha, Qatar,
               {A} meeting of SIGDAT, a Special Interest Group of the {ACL}},
  pages     = {1568--1579},
  year      = {2014},
  crossref  = {DBLP:conf/emnlp/2014},
  url       = {http://aclweb.org/anthology/D/D14/D14-1165.pdf},
  timestamp = {Sat, 15 Nov 2014 14:45:18 +0100},
  biburl    = {http://dblp.uni-trier.de/rec/bib/conf/emnlp/ChangYYM14},
  bibsource = {dblp computer science bibliography, http://dblp.org}
}
@article{chen2015net2net,
  title={Net2Net: Accelerating Learning via Knowledge Transfer},
  author={Chen, Tianqi and Goodfellow, Ian and Shlens, Jonathon},
  journal={arXiv preprint arXiv:1511.05641},
  year={2015}
}
@inproceedings{chorowski2015attention,
  author    = {Jan Chorowski and
               Dzmitry Bahdanau and
               Dmitriy Serdyuk and
               Kyunghyun Cho and
               Yoshua Bengio},
  title     = {Attention-Based Models for Speech Recognition},
  booktitle = {Advances in Neural Information Processing Systems 28: Annual Conference
               on Neural Information Processing Systems 2015, December 7-12, 2015,
               Montreal, Quebec, Canada},
  pages     = {577--585},
  year      = {2015},
  crossref  = {DBLP:conf/nips/2015},
  url       = {http://papers.nips.cc/paper/5847-attention-based-models-for-speech-recognition},
  timestamp = {Fri, 08 Apr 2016 19:32:52 +0200},
  biburl    = {http://dblp.uni-trier.de/rec/bib/conf/nips/ChorowskiBSCB15},
  bibsource = {dblp computer science bibliography, http://dblp.org}
}@inproceedings{clark2007combining,
  author    = {Stephen Clark and
               Stephen Pulman},
  title     = {Combining Symbolic and Distributional Models of Meaning},
  booktitle = {Quantum Interaction, Papers from the 2007 {AAAI} Spring Symposium,
               Technical Report SS-07-08, Stanford, California, USA, March 26-28,
               2007},
  pages     = {52--55},
  year      = {2007},
  crossref  = {DBLP:conf/aaaiss/2007-8},
  url       = {http://www.aaai.org/Library/Symposia/Spring/2007/ss07-08-008.php},
  timestamp = {Wed, 29 Mar 2017 16:45:25 +0200},
  biburl    = {http://dblp.uni-trier.de/rec/bib/conf/aaaiss/ClarkP07},
  bibsource = {dblp computer science bibliography, http://dblp.org}
}
@article{coecke2010mathematical,
  author    = {Bob Coecke and
               Mehrnoosh Sadrzadeh and
               Stephen Clark},
  title     = {Mathematical Foundations for a Compositional Distributional Model
               of Meaning},
  journal   = {CoRR},
  volume    = {abs/1003.4394},
  year      = {2010},
  url       = {http://arxiv.org/abs/1003.4394},
  timestamp = {Mon, 05 Dec 2011 18:05:28 +0100},
  biburl    = {http://dblp.uni-trier.de/rec/bib/journals/corr/abs-1003-4394},
  bibsource = {dblp computer science bibliography, http://dblp.org}
}
@article{cohn2013modelling,
  title={Modelling Annotator Bias with Multi-task Gaussian Processes: An Application to Machine Translation Quality Estimation},
  author={Cohn, Trevor and Specia, Lucia},
  year={2013}
}
@inproceedings{collins2001generalization,
  author    = {Michael Collins and
               Sanjoy Dasgupta and
               Robert E. Schapire},
  title     = {A Generalization of Principal Components Analysis to the Exponential
               Family},
  booktitle = {Advances in Neural Information Processing Systems 14 [Neural Information
               Processing Systems: Natural and Synthetic, {NIPS} 2001, December 3-8,
               2001, Vancouver, British Columbia, Canada]},
  pages     = {617--624},
  year      = {2001},
  crossref  = {DBLP:conf/nips/2001},
  url       = {http://papers.nips.cc/paper/2078-a-generalization-of-principal-components-analysis-to-the-exponential-family},
  timestamp = {Thu, 11 Dec 2014 17:34:08 +0100},
  biburl    = {http://dblp.uni-trier.de/rec/bib/conf/nips/CollinsDS01},
  bibsource = {dblp computer science bibliography, http://dblp.org}
}
@article{collins2002discriminative,
  title={Discriminative Training Methods for Hidden Markov Models: Theory and Experiments with Perceptron Algorithms},
  author={Collins, Michael},
  year={2002}
}
@inproceedings{collobert2011torch7,
  title={Torch7: A matlab-like environment for machine learning},
  author={Collobert, Ronan and Kavukcuoglu, Koray and Farabet, Cl{\'e}ment},
  booktitle={BigLearn, NIPS Workshop},
  number={EPFL-CONF-192376},
  year={2011}
}
@article{colmerauer1990introduction,
  author    = {Alain Colmerauer},
  title     = {An Introduction to Prolog {III}},
  journal   = {Commun. {ACM}},
  volume    = {33},
  number    = {7},
  pages     = {69--90},
  year      = {1990},
  url       = {http://doi.acm.org/10.1145/79204.79210},
  doi       = {10.1145/79204.79210},
  timestamp = {Tue, 07 Jun 2011 16:52:05 +0200},
  biburl    = {http://dblp.uni-trier.de/rec/bib/journals/cacm/Colmerauer90},
  bibsource = {dblp computer science bibliography, http://dblp.org}
}
@inproceedings{coulom2006efficient,
  author    = {R{\'{e}}mi Coulom},
  title     = {Efficient Selectivity and Backup Operators in Monte-Carlo Tree Search},
  booktitle = {Computers and Games, 5th International Conference, {CG} 2006, Turin,
               Italy, May 29-31, 2006. Revised Papers},
  pages     = {72--83},
  year      = {2006},
  crossref  = {DBLP:conf/cg/2006},
  url       = {http://dx.doi.org/10.1007/978-3-540-75538-8_7},
  doi       = {10.1007/978-3-540-75538-8_7},
  timestamp = {Mon, 01 Oct 2007 13:23:48 +0200},
  biburl    = {http://dblp.uni-trier.de/rec/bib/conf/cg/Coulom06},
  bibsource = {dblp computer science bibliography, http://dblp.org}
}
@misc{council2016position,
    author = {{Council of the European Union}},
    title = {{Position of the council on general data protection regulation.}},
    howpublished = {\url{http://www.europarl.europa.eu/sed/doc/news/document/CONS_CONS(2016)05418(REV1)_EN.docx}},
    note = {8 April 2016},
	year={2016}
} 
@book{cucker2007learning,
  title={Learning Theory: An Approximation Theory Viewpoint},
  author={Cucker, Felipe and Zhou, Ding Xuan},
  year={2007},
  publisher={Cambridge University Press}
}
@inproceedings{dagan2005pascal,
  author    = {Ido Dagan and
               Oren Glickman and
               Bernardo Magnini},
  title     = {The {PASCAL} Recognising Textual Entailment Challenge},
  booktitle = {Machine Learning Challenges, Evaluating Predictive Uncertainty, Visual
               Object Classification and Recognizing Textual Entailment, First {PASCAL}
               Machine Learning Challenges Workshop, {MLCW} 2005, Southampton, UK,
               April 11-13, 2005, Revised Selected Papers},
  pages     = {177--190},
  year      = {2005},
  crossref  = {DBLP:conf/mlcw/2005},
  url       = {http://dx.doi.org/10.1007/11736790_9},
  doi       = {10.1007/11736790_9},
  timestamp = {Tue, 02 May 2006 09:03:19 +0200},
  biburl    = {http://dblp.uni-trier.de/rec/bib/conf/mlcw/DaganGM05},
  bibsource = {dblp computer science bibliography, http://dblp.org}
}@article{das2016chains,
  author    = {Rajarshi Das and
               Arvind Neelakantan and
               David Belanger and
               Andrew McCallum},
  title     = {Chains of Reasoning over Entities, Relations, and Text using Recurrent
               Neural Networks},
  journal   = {CoRR},
  volume    = {abs/1607.01426},
  year      = {2016},
  url       = {http://arxiv.org/abs/1607.01426},
  timestamp = {Tue, 02 Aug 2016 12:59:27 +0200},
  biburl    = {http://dblp.uni-trier.de/rec/bib/journals/corr/DasNBM16},
  bibsource = {dblp computer science bibliography, http://dblp.org}
}
@book{dayan2001theoretical,
  title={Theoretical neuroscience},
  author={Dayan, Peter and Abbott, Laurence F},
  year={2001},
  publisher={Cambridge, MA: MIT Press}
}
@inproceedings{de2013unsupervised,
  author    = {Oier Lopez de Lacalle and
               Mirella Lapata},
  title     = {Unsupervised Relation Extraction with General Domain Knowledge},
  booktitle = {Proceedings of the 2013 Conference on Empirical Methods in Natural
               Language Processing, {EMNLP} 2013, 18-21 October 2013, Grand Hyatt
               Seattle, Seattle, Washington, USA, {A} meeting of SIGDAT, a Special
               Interest Group of the {ACL}},
  pages     = {415--425},
  year      = {2013},
  crossref  = {DBLP:conf/emnlp/2013},
  url       = {http://aclweb.org/anthology/D/D13/D13-1040.pdf},
  timestamp = {Fri, 22 Nov 2013 12:57:23 +0100},
  biburl    = {http://dblp.uni-trier.de/rec/bib/conf/emnlp/LacalleL13},
  bibsource = {dblp computer science bibliography, http://dblp.org}
}
@inproceedings{dong2014knowledge,
  author    = {Xin Dong and
               Evgeniy Gabrilovich and
               Geremy Heitz and
               Wilko Horn and
               Ni Lao and
               Kevin Murphy and
               Thomas Strohmann and
               Shaohua Sun and
               Wei Zhang},
  title     = {Knowledge vault: a web-scale approach to probabilistic knowledge fusion},
  booktitle = {The 20th {ACM} {SIGKDD} International Conference on Knowledge Discovery
               and Data Mining, {KDD} '14, New York, NY, {USA} - August 24 - 27,
               2014},
  pages     = {601--610},
  year      = {2014},
  crossref  = {DBLP:conf/kdd/2014},
  url       = {http://doi.acm.org/10.1145/2623330.2623623},
  doi       = {10.1145/2623330.2623623},
  timestamp = {Fri, 08 Jan 2016 17:51:28 +0100},
  biburl    = {http://dblp.uni-trier.de/rec/bib/conf/kdd/0001GHHLMSSZ14},
  bibsource = {dblp computer science bibliography, http://dblp.org}
}
@inproceedings{druck2009semi,
  author    = {Gregory Druck and
               Gideon S. Mann and
               Andrew McCallum},
  title     = {Semi-supervised Learning of Dependency Parsers using Generalized Expectation
               Criteria},
  booktitle = {{ACL} 2009, Proceedings of the 47th Annual Meeting of the Association
               for Computational Linguistics and the 4th International Joint Conference
               on Natural Language Processing of the AFNLP, 2-7 August 2009, Singapore},
  pages     = {360--368},
  year      = {2009},
  crossref  = {DBLP:conf/acl/2009},
  url       = {http://www.aclweb.org/anthology/P09-1041},
  timestamp = {Mon, 25 Mar 2013 23:10:01 +0100},
  biburl    = {http://dblp.uni-trier.de/rec/bib/conf/acl/DruckMM09},
  bibsource = {dblp computer science bibliography, http://dblp.org}
}@article{duchi2011adaptive,
  author    = {John C. Duchi and
               Elad Hazan and
               Yoram Singer},
  title     = {Adaptive Subgradient Methods for Online Learning and Stochastic Optimization},
  journal   = {Journal of Machine Learning Research},
  volume    = {12},
  pages     = {2121--2159},
  year      = {2011},
  url       = {http://dl.acm.org/citation.cfm?id=2021068},
  timestamp = {Sat, 21 Jan 2012 17:47:24 +0100},
  biburl    = {http://dblp.uni-trier.de/rec/bib/journals/jmlr/DuchiHS11},
  bibsource = {dblp computer science bibliography, http://dblp.org}
}
@incollection{dzeroski2007inductive,
  title={Inductive logic programming in a nutshell},
  author={Dzeroski, Saso},
  editor={Getoor, Lise and Taskar, Ben},
  booktitle={Introduction to Statistical Relational Learning},
  year={2007},
  pages={57-92},
  chapter={3},
}
@article{ellis2015unsupervised,
  title={Unsupervised Learning by Program Synthesis},
  author={Ellis, Kevin and Solar-Lezama, Armando and Tenenbaum, Joshua B},
  year={2015}
}
@article{erhan2009visualizing,
  title={Visualizing higher-layer features of a deep network},
  author={Erhan, Dumitru and Bengio, Yoshua and Courville, Aaron and Vincent, Pascal},
  journal={Dept. IRO, Universit{\'e} de Montr{\'e}al, Tech. Rep},
  year={2009}
}
@article{etzioni2008open,
  author    = {Oren Etzioni and
               Michele Banko and
               Stephen Soderland and
               Daniel S. Weld},
  title     = {Open information extraction from the web},
  journal   = {Commun. {ACM}},
  volume    = {51},
  number    = {12},
  pages     = {68--74},
  year      = {2008},
  url       = {http://doi.acm.org/10.1145/1409360.1409378},
  doi       = {10.1145/1409360.1409378},
  timestamp = {Thu, 27 Nov 2008 10:42:33 +0100},
  biburl    = {http://dblp.uni-trier.de/rec/bib/journals/cacm/EtzioniBSW08},
  bibsource = {dblp computer science bibliography, http://dblp.org}
}@inproceedings{evgeniou2004regularized,
  title={Regularized multi--task learning},
  author={Evgeniou, Theodoros and Pontil, Massimiliano},
  booktitle={Proc. of the tenth ACM SIGKDD international conference on Knowledge discovery and data mining},
  pages={109--117},
  year={2004},
  organization={ACM}
}
@inproceedings{fan2014distant,
  title={Distant supervision for relation extraction with matrix completion},
  author={Fan, Miao and Zhao, Deli and Zhou, Qiang and Liu, Zhiyuan and Zheng, Thomas Fang and Chang, Edward Y},
  booktitle={Proc. of Annual Meeting of the Association for Computational Linguistics (ACL)},
  pages={839--849},
  year={2014}
}
@inproceedings{faruqui2015retrofitting,
  author    = {Manaal Faruqui and
               Jesse Dodge and
               Sujay Kumar Jauhar and
               Chris Dyer and
               Eduard H. Hovy and
               Noah A. Smith},
  title     = {Retrofitting Word Vectors to Semantic Lexicons},
  booktitle = {{NAACL} {HLT} 2015, The 2015 Conference of the North American Chapter
               of the Association for Computational Linguistics: Human Language Technologies,
               Denver, Colorado, USA, May 31 - June 5, 2015},
  pages     = {1606--1615},
  year      = {2015},
  crossref  = {DBLP:conf/naacl/2015},
  url       = {http://aclweb.org/anthology/N/N15/N15-1184.pdf},
  timestamp = {Sat, 11 Jul 2015 19:35:08 +0200},
  biburl    = {http://dblp.uni-trier.de/rec/bib/conf/naacl/FaruquiDJDHS15},
  bibsource = {dblp computer science bibliography, http://dblp.org}
}@misc{firth1957synopsis,
  title={A Synopsis of Linguistic Theory 1930--55},
  author={Firth, John R},
  year={1957},
  publisher={Oxford: Basil Blackwell}
}
@article{franca2014fast,
  author    = {Manoel V. M. Fran{\c{c}}a and
               Gerson Zaverucha and
               Artur S. d'Avila Garcez},
  title     = {Fast relational learning using bottom clause propositionalization
               with artificial neural networks},
  journal   = {Machine Learning},
  volume    = {94},
  number    = {1},
  pages     = {81--104},
  year      = {2014},
  url       = {http://dx.doi.org/10.1007/s10994-013-5392-1},
  doi       = {10.1007/s10994-013-5392-1},
  timestamp = {Thu, 19 Dec 2013 10:43:21 +0100},
  biburl    = {http://dblp.uni-trier.de/rec/bib/journals/ml/FrancaZG14},
  bibsource = {dblp computer science bibliography, http://dblp.org}
}@inproceedings{galarraga2013amie,
  title={AMIE: association rule mining under incomplete evidence in ontological knowledge bases},
  author={Gal{\'a}rraga, Luis Antonio and Teflioudi, Christina and Hose, Katja and Suchanek, Fabian},
  booktitle={Proceedings of the 22nd international conference on World Wide Web},
  pages={413--422},
  year={2013},
  organization={ACM}
}
@inproceedings{galarraga2013mining,
  author    = {Luis Antonio Gal{\'{a}}rraga and
               Nicoleta Preda and
               Fabian M. Suchanek},
  title     = {Mining rules to align knowledge bases},
  booktitle = {Proceedings of the 2013 workshop on Automated knowledge base construction,
               AKBC@CIKM 13, San Francisco, California, USA, October 27-28, 2013},
  pages     = {43--48},
  year      = {2013},
  crossref  = {DBLP:conf/cikm/2013akbc},
  url       = {http://doi.acm.org/10.1145/2509558.2509566},
  doi       = {10.1145/2509558.2509566},
  timestamp = {Wed, 27 Jul 2016 16:38:54 +0200},
  biburl    = {http://dblp.uni-trier.de/rec/bib/conf/cikm/GalarragaPS13},
  bibsource = {dblp computer science bibliography, http://dblp.org}
}
@proceedings{gallaire1978logic,
  editor    = {Herv{\'{e}} Gallaire and
               Jack Minker},
  title     = {Logic and Data Bases, Symposium on Logic and Data Bases, Centre d'{\'{e}}tudes
               et de recherches de Toulouse, 1977},
  series    = {Advances in Data Base Theory},
  publisher = {Plemum Press},
  address   = {New York},
  year      = {1978},
  isbn      = {0-306-40060-X},
  timestamp = {Thu, 03 Jan 2002 11:52:25 +0100},
  biburl    = {http://dblp.uni-trier.de/rec/bib/conf/adbt/77},
  bibsource = {dblp computer science bibliography, http://dblp.org}
}
@inproceedings{galley2013regularized,
  author    = {Michel Galley and
               Chris Quirk and
               Colin Cherry and
               Kristina Toutanova},
  title     = {Regularized Minimum Error Rate Training},
  booktitle = {EMNLP},
  year      = {2013},
  pages     = {1948-1959},
  ee        = {http://aclweb.org/anthology/D/D13/D13-1201.pdf},
  crossref  = {DBLP:conf/emnlp/2013},
  bibsource = {DBLP, http://dblp.uni-trier.de}
}
@article{ganchev2010posterior,
  author    = {Kuzman Ganchev and
               Jo{\~{a}}o Gra{\c{c}}a and
               Jennifer Gillenwater and
               Ben Taskar},
  title     = {Posterior Regularization for Structured Latent Variable Models},
  journal   = {Journal of Machine Learning Research},
  volume    = {11},
  pages     = {2001--2049},
  year      = {2010},
  url       = {http://portal.acm.org/citation.cfm?id=1859918},
  timestamp = {Fri, 01 Apr 2011 14:32:52 +0200},
  biburl    = {http://dblp.uni-trier.de/rec/bib/journals/jmlr/GanchevGGT10},
  bibsource = {dblp computer science bibliography, http://dblp.org}
}
@article{garcez1999connectionist,
  author    = {Artur S. d'Avila Garcez and
               Gerson Zaverucha},
  title     = {The Connectionist Inductive Learning and Logic Programming System},
  journal   = {Appl. Intell.},
  volume    = {11},
  number    = {1},
  pages     = {59--77},
  year      = {1999},
  url       = {http://dx.doi.org/10.1023/A:1008328630915},
  doi       = {10.1023/A:1008328630915},
  timestamp = {Thu, 19 May 2011 15:51:37 +0200},
  biburl    = {http://dblp.uni-trier.de/rec/bib/journals/apin/GarcezZ99},
  bibsource = {dblp computer science bibliography, http://dblp.org}
}
@book{garcez2012neural,
  title={Neural-symbolic learning systems: foundations and applications},
  author={Artur S. d'Avila Garcez and Krysia Broda and Dov M. Gabbay},
  year={2012},
  publisher={Springer Science \& Business Media}
}
@article{gardner2013improving,
  title={Improving Learning and Inference in a Large Knowledge-base using Latent Syntactic Cues},
  author={Gardner, Matt and Talukdar, Partha Pratim and Kisiel, Bryan and Mitchell, Tom},
  year={2013}
}
@article{gardner2014incorporating,
  title={Incorporating vector space similarity in random walk inference over knowledge bases},
  author={Gardner, Matt and Talukdar, Partha Pratim and Krishnamurthy, Jayant and Mitchell, Tom},
  year={2014}
}
@inproceedings{garrette2011integrating,
  title={Integrating logical representations with probabilistic information using markov logic},
  author={Garrette, Dan and Erk, Katrin and Mooney, Raymond},
  booktitle={Proc. of International Conference on Computational Semantics (IWCS)},
  pages={105--114},
  year={2011},
  organization={ACL}
}
@incollection{garrette2014formal,
  title={A formal approach to linking logical form and vector-space lexical semantics},
  author={Garrette, Dan and Erk, Katrin and Mooney, Raymond},
  booktitle={Computing Meaning},
  pages={27--48},
  year={2014},
  publisher={Springer}
}
@inproceedings{gemulla2011large,
  title={Large-scale matrix factorization with distributed stochastic gradient descent},
  author={Gemulla, Rainer and Nijkamp, Erik and Haas, Peter J and Sismanis, Yannis},
  booktitle={Proc. of the 17th ACM SIGKDD international conference on Knowledge discovery and data mining},
  pages={69--77},
  year={2011},
  organization={ACM}
}
@book{getoor2007introduction,
  title={Introduction to statistical relational learning},
  author={Getoor, Lise},
  year={2007},
  publisher={MIT press}
}
@article{godel1932intuitionistischen,
  title={Zum intuitionistischen aussagenkalkul},
  author={Godel, Kurt},
  journal={Anzeiger der Akademie der Wissenschaften in Wien},
  volume={69},
  pages={65--66},
  year={1932}
}
@article{goldberg2014word2vec,
  title={word2vec Explained: deriving Mikolov et al.'s negative-sampling word-embedding method},
  author={Goldberg, Yoav and Levy, Omer},
  journal={arXiv preprint arXiv:1402.3722},
  year={2014}
}
@inproceedings{goller1996learning,
  title={Learning task-dependent distributed representations by backpropagation through structure},
  author={Goller, Christoph and Kuchler, Andreas},
  booktitle={Neural Networks, 1996., IEEE International Conference on},
  volume={1},
  pages={347--352},
  year={1996},
  organization={IEEE}
}
@article{goodfellow2014explaining,
  title={Explaining and Harnessing Adversarial Examples},
  author={Goodfellow, Ian J and Shlens, Jonathon and Szegedy, Christian},
  journal={arXiv preprint arXiv:1412.6572},
  year={2014}
}
@book{goodfellow2016deep,
    title={Deep Learning},
    author={Ian Goodfellow and Yoshua Bengio and Aaron Courville},
    publisher={MIT Press},
    note={\url{http://www.deeplearningbook.org}},
    year={2016}
}
@article{goodman2016eu,
  title={EU regulations on algorithmic decision-making and a "right to explanation"},
  author={Goodman, Bryce and Flaxman, Seth},
  journal={arXiv preprint arXiv:1606.08813},
  year={2016}
}
@book{graves2012supervised,
  title={Supervised sequence labelling with recurrent neural networks},
  author={Graves, Alex},
  volume={385},
  year={2012},
  publisher={Springer}
}
@article{graves2013generating,
  title={Generating sequences with recurrent neural networks},
  author={Graves, Alex},
  journal={arXiv preprint arXiv:1308.0850},
  year={2013}
}
@article{graves2014neural,
  title={Neural Turing Machines},
  author={Graves, Alex and Wayne, Greg and Danihelka, Ivo},
  journal={arXiv preprint arXiv:1410.5401},
  year={2014}
}
@inproceedings{grefenstette2013towards,
  title = "Towards a Formal Distributional Semantics: Simulating Logical Calculi with Tensors",
  author = "Edward Grefenstette",
  pages= {1--10},
  year = "2013",
  booktitle = "Proc. of Joint Conference on Lexical and Computational Semantics (*SEM)",
  url = "http://www.aclweb.org/anthology-new/S/S13/S13-1001.pdf",
}

@article{grefenstette2014new,
  title = "New Directions in Vector Space Models of Meaning",
  author = "Edward Grefenstette and Karl Moritz Hermann and Georgiana Dinu and Phil Blunsom",
  year = "2014",
  journal = "Proc. of the 52nd Annual Meeting of the Association for Computational Linguistics",
  month = "June",
  url = "http://www.cs.ox.ac.uk/files/6605/aclVectorTutorial.pdf",
}
@inproceedings{grefenstette2015learning,
  title={Learning to transduce with unbounded memory},
  author={Grefenstette, Edward and Hermann, Karl Moritz and Suleyman, Mustafa and Blunsom, Phil},
  booktitle={NIPS},
  pages={1828--1836},
  year={2015}
}
@article{greff2015binding,
  title={Binding via Reconstruction Clustering},
  author={Greff, Klaus and Srivastava, Rupesh Kumar and Schmidhuber, J{\"u}rgen},
  journal={arXiv preprint arXiv:1511.06418},
  year={2015}
}
@article{greff2015lstm,
  title={LSTM: A Search Space Odyssey},
  author={Greff, Klaus and Srivastava, Rupesh Kumar and Koutn{\'\i}k, Jan and Steunebrink, Bas R and Schmidhuber, J{\"u}rgen},
  journal={arXiv preprint arXiv:1503.04069},
  year={2015}
}
@book{gunaratana2011mindfulness,
  title={Mindfulness in plain English},
  author={Gunaratana, Bhante and Gunaratana, Henepola},
  year={2011},
  publisher={Wisdom Publications Inc}
}
@inproceedings{guo2016jointly,
  title={Jointly embedding knowledge graphs and logical rules},
  author={Guo, Shu and Wang, Quan and Wang, Lihong and Wang, Bin and Guo, Li},
  booktitle={Proceedings of the 2016 Conference on Empirical Methods in Natural Language Processing},
  pages={1488--1498},
  year={2016}
}
@article{harris1954distributional,
  title={Distributional structure.},
  author={Harris, Zellig S},
  journal={Word},
  year={1954}
}
@book{hastie2009elements,
  title={The elements of statistical learning},
  author={Hastie, Trevor and Tibshirani, Robert and Friedman, Jerome and Hastie, T and Friedman, J and Tibshirani, R},
  volume={2},
  number={1},
  year={2009},
  publisher={Springer}
}
@inproceedings{hermann2013role,
  author    = {Karl Moritz Hermann and
               Phil Blunsom},
  title     = {The Role of Syntax in Vector Space Models of Compositional
               Semantics},
  booktitle = {Proc. of Annual Meeting of the Associ- ation for Computational Linguistics (ACL)},
  year      = {2013},
  pages     = {894-904},
  ee        = {http://aclweb.org/anthology/P/P13/P13-1088.pdf},
  crossref  = {DBLP:conf/acl/2013-1},
  bibsource = {DBLP, http://dblp.uni-trier.de}
}
@article{hill2015goldilocks,
  title={The Goldilocks Principle: Reading Children's Books with Explicit Memory Representations},
  author={Hill, Felix and Bordes, Antoine and Chopra, Sumit and Weston, Jason},
  journal={arXiv preprint arXiv:1511.02301},
  year={2015}
}
@article{hipp2000algorithms,
  title={Algorithms for association rule mining—a general survey and comparison},
  author={Hipp, Jochen and G{\"u}ntzer, Ulrich and Nakhaeizadeh, Gholamreza},
  journal={ACM sigkdd explorations newsletter},
  volume={2},
  number={1},
  pages={58--64},
  year={2000},
  publisher={ACM}
}
@article{hitzler2004logic,
  title={Logic programs and connectionist networks},
  author={Hitzler, Pascal and H{\"o}lldobler, Steffen and Seda, Anthony Karel},
  journal={Journal of Applied Logic},
  volume={2},
  number={3},
  pages={245--272},
  year={2004},
  publisher={Elsevier}
}
@article{hochreiter1997long,
  title={Long short-term memory},
  author={Hochreiter, Sepp and Schmidhuber, J{\"u}rgen},
  journal={Neural computation},
  volume={9},
  number={8},
  pages={1735--1780},
  year={1997},
  publisher={MIT Press}
}
@article{holldobler1999approximating,
  author    = {Steffen H{\"o}lldobler and
               Yvonne Kalinke and
               Hans-Peter St{\"o}rr},
  title     = {Approximating the Semantics of Logic Programs by Recurrent
               Neural Networks},
  journal   = {Appl. Intell.},
  volume    = {11},
  number    = {1},
  year      = {1999},
  pages     = {45-58},
  ee        = {http://dx.doi.org/10.1023/A:1008376514077},
  bibsource = {DBLP, http://dblp.uni-trier.de}
}
@article{iyyer2014neural,
  title={A Neural Network for Factoid Question Answering over Paragraphs},
  author={Iyyer, Mohit and Boyd-Graber, Jordan and Claudino, Leonardo and Socher, Richard and III, Hal Daum{\'e}},
  year={2014}
}
@inproceedings{jaakkola2010learning,
  title={Learning Bayesian network structure using LP relaxations},
  author={Jaakkola, Tommi and Sontag, David and Globerson, Amir and Meila, Marina},
  booktitle={International Conference on Artificial Intelligence and Statistics},
  pages={358--365},
  year={2010}
}
@article{jaitly2015online,
  title={An Online Sequence-to-Sequence Model Using Partial Conditioning},
  author={Jaitly, Navdeep and Le, Quoc V and Vinyals, Oriol and Sutskeyver, Ilya and Bengio, Samy},
  journal={arXiv preprint arXiv:1511.04868},
  year={2015}
}
@book{janert2009gnuplot,
  title={Gnuplot in action: understanding data with graphs},
  author={Janert, Philipp K},
  year={2009},
  publisher={Manning Publications Co.}
}
@inproceedings{jenatton2012latent,
  title={A latent factor model for highly multi-relational data},
  author={Jenatton, Rodolphe and Roux, Nicolas L and Bordes, Antoine and Obozinski, Guillaume R},
  booktitle={Advances in Neural Information Processing Systems},
  pages={3167--3175},
  year={2012}
}
@article{kaiser2015neural,
  title={Neural GPUs Learn Algorithms},
  author={Kaiser, \Lucas and Sutskever, Ilya},
  journal={arXiv preprint arXiv:1511.08228},
  year={2015}
}
@article{kalchbrenner2014convolutional,
  title={A Convolutional Neural Network for Modelling Sentences},
  author={Kalchbrenner, Nal and Grefenstette, Edward and Blunsom, Phil},
  journal={arXiv preprint arXiv:1404.2188},
  year={2014}
}
@article{karpathy2014deep,
  title={Deep visual-semantic alignments for generating image descriptions},
  author={Karpathy, Andrej and Fei-Fei, Li},
  journal={arXiv preprint arXiv:1412.2306},
  year={2014}
}
@article{khot2013learning,
  title={Learning Relational Probabilistic Models from Partially Observed Data-Opening the Closed-World Assumption},
  author={Khot, Tushar and Natarajan, Sriraam and Kersting, Kristian and Shavlik, Jude},
  year={2013}
}
@inproceedings{kimmig2012short,
  title={A short introduction to probabilistic soft logic},
  author={Kimmig, Angelika and Bach, Stephen and Broecheler, Matthias and Huang, Bert and Getoor, Lise},
  booktitle={Proc. of the NIPS Workshop on Probabilistic Programming: Foundations and Applications},
  pages={1--4},
  year={2012}
}
@inproceedings{kocsis2006bandit,
  title={Bandit based monte-carlo planning},
  author={Kocsis, Levente and Szepesv{\'a}ri, Csaba},
  booktitle={European conference on machine learning},
  pages={282--293},
  year={2006},
  organization={Springer}
}
@article{kolda2009tensor,
  title={Tensor decompositions and applications},
  author={Kolda, Tamara G and Bader, Brett W},
  journal={SIAM review},
  volume={51},
  number={3},
  pages={455--500},
  year={2009},
  publisher={SIAM}
}
@article{kowalski1971linear,
  title={Linear resolution with selection function},
  author={Kowalski, Robert and Kuehner, Donald},
  journal={Artificial Intelligence},
  volume={2},
  number={3-4},
  pages={227--260},
  year={1971},
  publisher={Elsevier}
}
@article{krompass2014large,
  title={Large-Scale Factorization of Type-Constrained Multi-Relational Data},
  author={Krompa{\ss}, Denis and Nickel, Maximilian and Tresp, Volker},
  year={2014}
}
@article{kschischang2001factor,
  title={Factor graphs and the sum-product algorithm},
  author={Kschischang, Frank R and Frey, Brendan J and Loeliger, H-A},
  journal={Information Theory, IEEE Transactions on},
  volume={47},
  number={2},
  pages={498--519},
  year={2001},
  publisher={IEEE}
}
@book{laakmann2010cracking,
  title={Cracking the Coding Interview: 150 Programming Interview Questions and Solutions},
  author={Laakmann, Gayle},
  year={2010}
}
@article{lafferty2001conditional,
  title={Conditional random fields: Probabilistic models for segmenting and labeling sequence data},
  author={Lafferty, John and McCallum, Andrew and Pereira, Fernando CN},
  year={2001}
}
@article{lao2010relational,
  title={Relational retrieval using a combination of path-constrained random walks},
  author={Lao, Ni and Cohen, William W},
  journal={Machine learning},
  volume={81},
  number={1},
  pages={53--67},
  year={2010},
  publisher={Springer}
}
@inproceedings{lao2011random,
  title={Random walk inference and learning in a large scale knowledge base},
  author={Lao, Ni and Mitchell, Tom and Cohen, William W},
  booktitle={Proc. of the Conference on Empirical Methods in Natural Language Processing},
  pages={529--539},
  year={2011},
  organization={Association for Computational Linguistics}
}
@inproceedings{lao2012reading,
  title={Reading the web with learned syntactic-semantic inference rules},
  author={Lao, Ni and Subramanya, Amarnag and Pereira, Fernando and Cohen, William W},
  booktitle={Proceedings of the 2012 Joint Conference on Empirical Methods in Natural Language Processing and Computational Natural Language Learning},
  pages={1017--1026},
  year={2012},
  organization={Association for Computational Linguistics}
}
@inproceedings{lawrence2009non,
  title={Non-linear matrix factorization with Gaussian processes},
  author={Lawrence, Neil D and Urtasun, Raquel},
  booktitle={Proc. of the 26th Annual International Conference on Machine Learning},
  pages={601--608},
  year={2009},
  organization={ACM}
}
@inproceedings{le2013building,
  title={Building high-level features using large scale unsupervised learning},
  author={Le, Quoc V},
  booktitle={Acoustics, Speech and Signal Processing (ICASSP), 2013 IEEE International Conference on},
  pages={8595--8598},
  year={2013},
  organization={IEEE}
}
@article{le2014distributed,
  title={Distributed Representations of Sentences and Documents},
  author={Le, Quoc V and Mikolov, Tomas},
  journal={arXiv preprint arXiv:1405.4053},
  year={2014}
}
@article{le2015compositional,
  title={Compositional Distributional Semantics with Long Short Term Memory},
  author={Le, Phong and Zuidema, Willem},
  journal={arXiv preprint arXiv:1503.02510},
  year={2015}
}
@article{leaman2013dnorm,
  title={DNorm: disease name normalization with pairwise learning to rank},
  author={Leaman, Robert and Do{\u{g}}an, Rezarta Islamaj and Lu, Zhiyong},
  journal={Bioinformatics},
  volume={29},
  number={22},
  pages={2909--2917},
  year={2013},
  publisher={Oxford Univ Press}
}
@inproceedings{lee2014local,
  title={Local collaborative ranking},
  author={Lee, Joonseok and Bengio, Samy and Kim, Seungyeon and Lebanon, Guy and Singer, Yoram},
  booktitle={Proc. of the 23rd international conference on World wide web},
  pages={85--96},
  year={2014},
  organization={International World Wide Web Conferences Steering Committee}
}
@article{lee2015reasoning,
  title={Reasoning in Vector Space: An Exploratory Study of Question Answering},
  author={Lee, Moontae and He, Xiaodong and Yih, Wen-tau and Gao, Jianfeng and Deng, Li and Smolensky, Paul},
  journal={arXiv preprint arXiv:1511.06426},
  year={2015}
}
@inproceedings{lewis2013combined,
  title={Combined Distributional and Logical Semantics},
  author={Lewis, Mike and Steedman, Mark},
  booktitle={Proc. of Transactions of the Association for Computational Linguistics (TACL)},
  volume={1},
  pages={179--192},
  year={2013}
}
@article{lewis2013unsupervised,
  title={Unsupervised Induction of Cross-lingual Semantic Relations},
  author={Lewis, Mike and Steedman, Mark},
  year={2013}
}
@article{li2016understanding,
  title={Understanding Neural Networks through Representation Erasure},
  author={Li, Jiwei and Monroe, Will and Jurafsky, Dan},
  journal={arXiv preprint arXiv:1612.08220},
  year={2016}
}
@article{ling2015character,
  title={Character-based Neural Machine Translation},
  author={Ling, Wang and Trancoso, Isabel and Dyer, Chris and Black, Alan W},
  journal={arXiv preprint arXiv:1511.04586},
  year={2015}
}
@article{liu2004conceptnet,
  title={ConceptNet -- a practical commonsense reasoning tool-kit},
  author={Liu, Hugo and Singh, Push},
  journal={BT Technology Journal},
  volume={22},
  number={4},
  pages={211--226},
  year={2004},
  publisher={Springer}
}
@inproceedings{liu2009tensor,
  title={Tensor completion for estimating missing values in visual data},
  author={Liu, Ji and Musialski, P and Wonka, P and Ye, Jieping},
  booktitle={Computer Vision, 2009 IEEE 12th International Conference on},
  pages={2114--2121},
  year={2009},
  organization={IEEE}
}
@article{liu2016learning,
  title={Learning natural language inference using bidirectional LSTM model and inner-attention},
  author={Liu, Yang and Sun, Chengjie and Lin, Lei and Wang, Xiaolong},
  journal={arXiv preprint arXiv:1605.09090},
  year={2016}
}
@incollection{loreto2016dynamics,
  title={Dynamics on Expanding Spaces: Modeling the Emergence of Novelties},
  author={Loreto, Vittorio and Servedio, Vito DP and Strogatz, Steven H and Tria, Francesca},
  booktitle={Creativity and Universality in Language},
  pages={59--83},
  year={2016},
  publisher={Springer}
}
@techreport{lowe2000direct,
  title={The direct route: Mediated priming in semantic space},
  author={Lowe, Will and McDonald, Scott},
  year={2000},
  institution={The University of Edinburgh}
}
@article{lukasiewicz1920logice,
  title={O logice trojwartosciowej},
  author={Lukasiewicz, Jan},
  journal={Ruch filozoficzny},
  volume={5},
  number={169-171},
  pages={32},
  year={1920}
}
@article{luong2015multi,
  title={Multi-task Sequence to Sequence Learning},
  author={Luong, Minh-Thang and Le, Quoc V and Sutskever, Ilya and Vinyals, Oriol and Kaiser, Lukasz},
  journal={arXiv preprint arXiv:1511.06114},
  year={2015}
}
@book{mackay2003information,
  title={Information theory, inference, and learning algorithms},
  author={MacKay, David JC},
  volume={7},
  year={2003},
  publisher={Citeseer}
}
@article{maddison2014move,
  title={Move Evaluation in Go Using Deep Convolutional Neural Networks},
  author={Maddison, Chris J and Huang, Aja and Sutskever, Ilya and Silver, David},
  journal={arXiv preprint arXiv:1412.6564},
  year={2014}
}
@article{makhzani2015adversarial,
  title={Adversarial Autoencoders},
  author={Makhzani, Alireza and Shlens, Jonathon and Jaitly, Navdeep and Goodfellow, Ian},
  journal={arXiv preprint arXiv:1511.05644},
  year={2015}
}
@book{manning2009introduction,
  title={Introduction to information retrieval},
  author={Manning, Christopher D and Raghavan, Prabhakar and Sch{\"u}tze, Hinrich and others},
  volume={1},
  number={1},
  year={2009},
  publisher={Cambridge university press Cambridge}
}
@article{martins2012alternating,
  title={Alternating directions dual decomposition},
  author={Martins, Andre FT and Figueiredo, Mario AT and Aguiar, Pedro MQ and Smith, Noah A and Xing, Eric P},
  journal={arXiv preprint arXiv:1212.6550},
  year={2012}
}
@inproceedings{mccallum2009factorie,
  title={FACTORIE: Probabilistic Programming via Imperatively Defined Factor Graphs.},
  author={McCallum, Andrew and Schultz, Karl and Singh, Sameer},
  booktitle={NIPS},
  pages={1249--1257},
  year={2009}
}
@article{miao2015neural,
  title={Neural Variational Inference for Text Processing},
  author={Miao, Yishu and Yu, Lei and Blunsom, Phil},
  journal={arXiv preprint arXiv:1511.06038},
  year={2015}
}
@article{mikolov2013efficient,
  title={Efficient Estimation of Word Representations in Vector Space},
  author={Mikolov, Tomas and Chen, Kai and Corrado, Greg and Dean, Jeffrey},
  journal={arXiv preprint arXiv:1301.3781},
  year={2013}
}
@article{milch2005blog,
  title={BLOG: Probabilistic Models with Unknown Objects},
  author={Milch, Brian and Marthi, Bhaskara and Russell, Stuart and Sontag, David and Ong, Daniel L and Kolobov, Andrey},
  year={2005}
}
@article{miller1995wordnet,
  title={WordNet: a lexical database for English},
  author={Miller, George A},
  journal={Communications of the ACM},
  volume={38},
  number={11},
  pages={39--41},
  year={1995},
  publisher={ACM}
}
@article{miller2016key,
  title={Key-Value Memory Networks for Directly Reading Documents},
  author={Miller, Alexander and Fisch, Adam and Dodge, Jesse and Karimi, Amir-Hossein and Bordes, Antoine and Weston, Jason},
  journal={arXiv preprint arXiv:1606.03126},
  year={2016}
}
@inproceedings{mitchell2008vector,
  author    = {Jeff Mitchell and
               Mirella Lapata},
  title     = {Vector-based Models of Semantic Composition},
  booktitle = {Proc. of Annual Meeting of the Association for Computational Linguistics (ACL)},
  year      = {2008},
  pages     = {236-244},
  ee        = {http://www.aclweb.org/anthology/P08-1028},
  crossref  = {DBLP:conf/acl/2008},
  bibsource = {DBLP, http://dblp.uni-trier.de}
}
@article{mitra2015learning,
  title={Learning to Automatically Solve Logic Grid Puzzles},
  author={Mitra, Arindam and Baral, Chitta},
  year={2015}
}
@inproceedings{mnih2007three,
  title={Three new graphical models for statistical language modelling},
  author={Mnih, Andriy and Hinton, Geoffrey},
  booktitle={Proc. of the 24th international conference on Machine learning},
  pages={641--648},
  year={2007},
  organization={ACM}
}
@article{mnih2013playing,
  title={Playing Atari with deep reinforcement learning},
  author={Mnih, Volodymyr and Kavukcuoglu, Koray and Silver, David and Graves, Alex and Antonoglou, Ioannis and Wierstra, Daan and Riedmiller, Martin},
  journal={arXiv preprint arXiv:1312.5602},
  year={2013}
}
@article{moczulski2015acdc,
  title={ACDC: A Structured Efficient Linear Layer},
  author={Moczulski, Marcin and Denil, Misha and Appleyard, Jeremy and de Freitas, Nando},
  journal={arXiv preprint arXiv:1511.05946},
  year={2015}
}
@article{mohammad2016semeval,
  title={Semeval-2016 task 6: Detecting stance in tweets},
  author={Mohammad, Saif M and Kiritchenko, Svetlana and Sobhani, Parinaz and Zhu, Xiaodan and Cherry, Colin},
  journal={Proceedings of SemEval},
  volume={16},
  year={2016}
}
@article{morup2011applications,
  title={Applications of tensor (multiway array) factorizations and decompositions in data mining},
  author={M{\o}rup, Morten},
  journal={Wiley Interdisciplinary Reviews: Data Mining and Knowledge Discovery},
  volume={1},
  number={1},
  pages={24--40},
  year={2011},
  publisher={Wiley Online Library}
}
@article{mou2015natural,
  title={Natural language inference by tree-based convolution and heuristic matching},
  author={Mou, Lili and Men, Rui and Li, Ge and Xu, Yan and Zhang, Lu and Yan, Rui and Jin, Zhi},
  journal={arXiv preprint arXiv:1512.08422},
  year={2015}
}
@article{muggleton1991inductive,
  title={Inductive logic programming},
  author={Muggleton, Stephen},
  journal={New generation computing},
  volume={8},
  number={4},
  pages={295--318},
  year={1991},
  publisher={Springer}
}
@article{muggleton1994inductive,
  title={Inductive logic programming: Theory and methods},
  author={Muggleton, Stephen and De Raedt, Luc},
  journal={The Journal of Logic Programming},
  volume={19},
  pages={629--679},
  year={1994},
  publisher={Elsevier}
}
@article{muggleton2015meta,
  title={Meta-interpretive learning of higher-order dyadic datalog: Predicate invention revisited},
  author={Muggleton, Stephen H and Lin, Dianhuan and Tamaddoni-Nezhad, Alireza},
  journal={Machine Learning},
  volume={100},
  number={1},
  pages={49--73},
  year={2015},
  publisher={Springer}
}
@inproceedings{mulkar2007learning,
  title={Learning from Reading Syntactically Complex Biology Texts.},
  author={Mulkar, Rutu and Hobbs, Jerry R and Hovy, Eduard H},
  booktitle={AAAI Spring Symposium: Logical Formalizations of Commonsense Reasoning},
  pages={132--137},
  year={2007}
}
@article{munkhdalai2016neural,
  title={Neural Tree Indexers for Text Understanding},
  author={Munkhdalai, Tsendsuren and Yu, Hong},
  journal={arXiv preprint arXiv:1607.04492},
  year={2016}
}
@article{munkhdalai2016neural_b,
  title={Neural Semantic Encoders},
  author={Munkhdalai, Tsendsuren and Yu, Hong},
  journal={arXiv preprint arXiv:1607.04315},
  year={2016}
}
@book{murphy2012machine,
  title={Machine learning: a probabilistic perspective},
  author={Murphy, Kevin P},
  year={2012},
  publisher={MIT press}
}
@article{neelakantan2015adding,
  title={Adding Gradient Noise Improves Learning for Very Deep Networks},
  author={Neelakantan, Arvind and Vilnis, Luke and Le, Quoc V and Sutskever, Ilya and Kaiser, Lukasz and Kurach, Karol and Martens, James},
  journal={arXiv preprint arXiv:1511.06807},
  year={2015}
}
@article{neelakantan2015compositional,
  title={Compositional vector space models for knowledge base completion},
  author={Neelakantan, Arvind and Roth, Benjamin and McCallum, Andrew},
  journal={arXiv preprint arXiv:1504.06662},
  year={2015}
}
@article{neelakantan2015neural,
  title={Neural Programmer: Inducing Latent Programs with Gradient Descent},
  author={Neelakantan, Arvind and Le, Quoc V and Sutskever, Ilya},
  journal={arXiv preprint arXiv:1511.04834},
  year={2015}
}
@article{neelakantan2016learning,
  title={Learning a Natural Language Interface with Neural Programmer},
  author={Neelakantan, Arvind and Le, Quoc V and Abadi, Martin and McCallum, Andrew and Amodei, Dario},
  journal={arXiv preprint arXiv:1611.08945},
  year={2016}
}
@inproceedings{nemirovski1978cezari,
  title={{On Cezari’s convergence of the steepest descent method for approximating saddle point of convex-concave functions}},
  author={Nemirovski, A and Yudin, D},
  booktitle={Soviet Mathematics Doklady},
  volume={19},
  year={1978}
}
@inproceedings{ng2001discriminative,
  title={On Discriminative vs. Generative Classifiers: A comparison of logistic regression and naive Bayes},
  author={Ng, Andrew Y and Jordan, Michael I},
  booktitle={Advances in Neural Information Processing Systems},
  pages={841--848},
  year={2001}
}
@inproceedings{nickel2011three,
  title={A three-way model for collective learning on multi-relational data},
  author={Nickel, Maximilian and Tresp, Volker and Kriegel, Hans-Peter},
  booktitle={Proceedings of the 28th international conference on machine learning (ICML-11)},
  pages={809--816},
  year={2011}
}
@inproceedings{nickel2012factorizing,
  author    = {Maximilian Nickel and
               Volker Tresp and
               Hans-Peter Kriegel},
  title     = {Factorizing YAGO: scalable machine learning for linked data},
  booktitle = {Proc. of International Conference on World Wide Web (WWW)},
  year      = {2012},
  pages     = {271-280},
  ee        = {http://doi.acm.org/10.1145/2187836.2187874},
  bibsource = {DBLP, http://dblp.uni-trier.de}
}
@phdthesis{nickel2013tensor,
  title={Tensor factorization for relational learning},
  author={Nickel, Maximilian},
  year={2013},
  school={lmu}
}
@article{nickel2015holographic,
  title={Holographic embeddings of knowledge graphs},
  author={Nickel, Maximilian and Rosasco, Lorenzo and Poggio, Tomaso},
  journal={arXiv preprint arXiv:1510.04935},
  year={2015}
}
@article{nickel2015review,
  title={A Review of Relational Machine Learning for Knowledge Graphs: From Multi-Relational Link Prediction to Automated Knowledge Graph Construction},
  author={Nickel, Maximilian and Murphy, Kevin and Tresp, Volker and Gabrilovich, Evgeniy},
  journal={arXiv preprint arXiv:1503.00759},
  year={2015}
}
@article{niepert2014exchangeable,
  title={Exchangeable Variable Models},
  author={Niepert, Mathias and Domingos, Pedro},
  journal={arXiv preprint arXiv:1405.0501},
  year={2014}
}
@article{nocedal2006numerical,
  title={Numerical Optimization},
  author={Nocedal, Jorge and Wright, Stephen J},
  year={2006}
}
@article{noessner2013rockit,
  author    = {Jan Noessner and
               Mathias Niepert and
               Heiner Stuckenschmidt},
  title     = {RockIt: Exploiting Parallelism and Symmetry for MAP Inference
               in Statistical Relational Models},
  journal   = {CoRR},
  volume    = {abs/1304.4379},
  year      = {2013},
  ee        = {http://arxiv.org/abs/1304.4379},
  bibsource = {DBLP, http://dblp.uni-trier.de}
}
@book{orr1998neural,
  title={Neural Networks: Tricks of the Trade},
  author={Orr, Genevieve B and M{\"u}ller, Klaus-Robert},
  year={1998},
  publisher={Springer}
}
@inproceedings{ovchinnikova2011abductive,
  title={Abductive reasoning with a large knowledge base for discourse processing},
  author={Ovchinnikova, Ekaterina and Hobbs, Jerry R and Montazeri, Niloofar and McCord, Michael C and Alexandrov, Theodore and Mulkar-Mehta, Rutu},
  booktitle={Proc. of the Ninth International Conference on Computational Semantics},
  pages={225--234},
  year={2011},
  organization={Association for Computational Linguistics}
}
@article{pado2007dependency,
  title={Dependency-based construction of semantic space models},
  author={Pad{\'o}, Sebastian and Lapata, Mirella},
  journal={Computational Linguistics},
  volume={33},
  number={2},
  pages={161--199},
  year={2007},
  publisher={MIT Press}
}
@techreport{page1999pagerank,
  title={The PageRank citation ranking: Bringing order to the web.},
  author={Page, Lawrence and Brin, Sergey and Motwani, Rajeev and Winograd, Terry},
  year={1999},
  institution={Stanford InfoLab}
}
@inproceedings{papalexakis2014turbo,
  title={Turbo-smt: Accelerating coupled sparse matrix-tensor factorizations by 200x},
  author={Papalexakis, Evangelos E and Mitchell, Tom M and Sidiropoulos, Nicholas D and Faloutsos, Christos and Talukdar, Partha Pratim and Murphy, Brian},
  booktitle={SDM’14: Proceedings of the 2014 SIAM International Conference on Data Mining},
  year={2014}
}
@article{pascanu2014saddle,
  title={On the saddle point problem for non-convex optimization},
  author={Pascanu, Razvan and Dauphin, Yann N and Ganguli, Surya and Bengio, Yoshua},
  journal={arXiv preprint arXiv:1405.4604},
  year={2014}
}
@article{passos2013optimization,
  title={Optimization and Learning in FACTORIE},
  author={Passos, Alexandre and Vilnis, Luke and McCallum, Andrew},
  year={2013}
}
@article{passos2014lexicon,
  title={Lexicon Infused Phrase Embeddings for Named Entity Resolution},
  author={Passos, Alexandre and Kumar, Vineet and McCallum, Andrew},
  journal={arXiv preprint arXiv:1404.5367},
  year={2014}
}
@incollection{paurat2013invis,
  title={InVis: A tool for interactive visual data analysis},
  author={Paurat, Daniel and G{\"a}rtner, Thomas},
  booktitle={Machine Learning and Knowledge Discovery in Databases},
  pages={672--676},
  year={2013},
  publisher={Springer}
}
@article{pennington2014glove,
  title={Glove: Global vectors for word representation},
  author={Pennington, Jeffrey and Socher, Richard and Manning, Christopher D},
  journal={Proc. of the Empiricial Methods in Natural Language Processing (EMNLP 2014)},
  volume={12},
  year={2014}
}
@inproceedings{pereira1993distributional,
  title={Distributional clustering of English words},
  author={Pereira, Fernando and Tishby, Naftali and Lee, Lillian},
  booktitle={Proc. of the 31st annual meeting on Association for Computational Linguistics},
  pages={183--190},
  year={1993},
  organization={Association for Computational Linguistics}
}
@article{petersen2008matrix,
  title={The matrix cookbook},
  author={Petersen, Kaare Brandt and Pedersen, Michael Syskind},
  journal={Technical University of Denmark},
  pages={7--15},
  year={2008}
}
@article{pezeshki2015deconstructing,
  title={Deconstructing the Ladder Network Architecture},
  author={Pezeshki, Mohammad and Fan, Linxi and Brakel, Philemon and Courville, Aaron and Bengio, Yoshua},
  journal={arXiv preprint arXiv:1511.06430},
  year={2015}
}
@misc{philipp2009gnuplot,
  title={Gnuplot in Action: Understanding Data with Graphs},
  author={Philipp, JK},
  year={2009},
  publisher={Manning Publications}
}
@article{pinkas2013representing,
  title={Representing, binding, retrieving and unifying relational knowledge using pools of neural binders},
  author={Pinkas, Gadi and Lima, Priscila and Cohen, Shimon},
  journal={Biologically Inspired Cognitive Architectures},
  volume={6},
  pages={87--95},
  year={2013},
  publisher={Elsevier}
}
@inproceedings{poon2010unsupervised,
  title={Unsupervised ontology induction from text},
  author={Poon, Hoifung and Domingos, Pedro},
  booktitle={Proc. of the 48th annual meeting of the Association for Computational Linguistics},
  pages={296--305},
  year={2010},
  organization={Association for Computational Linguistics}
}
@article{quinlan1990learning,
  title={Learning logical definitions from relations},
  author={Quinlan, J Ross},
  journal={Machine learning},
  volume={5},
  number={3},
  pages={239--266},
  year={1990},
  publisher={Springer}
}
@article{raghavan2013online,
  title={Online Inference-Rule Learning from Natural-Language Extractions},
  author={Raghavan, Sindhu and Mooney, Raymond J},
  year={2013}
}
@inproceedings{reed2016neural,
  title={Neural Programmer-Interpreters},
  author={Reed, Scott and de Freitas, Nando},
  booktitle={ICLR},
  year={2016}
}
@inproceedings{rendle2009bpr,
  title={BPR: Bayesian personalized ranking from implicit feedback},
  author={Rendle, Steffen and Freudenthaler, Christoph and Gantner, Zeno and Schmidt-Thieme, Lars},
  booktitle={Proceedings of the twenty-fifth conference on uncertainty in artificial intelligence (UAI)},
  pages={452--461},
  year={2009},
  organization={AUAI Press}
}
@inproceedings{rendle2009learning,
  title={Learning optimal ranking with tensor factorization for tag recommendation},
  author={Rendle, Steffen and Balby Marinho, Leandro and Nanopoulos, Alexandros and Schmidt-Thieme, Lars},
  booktitle={Proc. of the 15th ACM SIGKDD international conference on Knowledge discovery and data mining},
  pages={727--736},
  year={2009},
  organization={ACM}
}

@book{rendle2010context,
  title={Context-aware ranking with factorization models},
  author={Rendle, Steffen},
  volume={330},
  year={2010},
  publisher={Springer}
}
@inproceedings{rendle2010pairwise,
  title={Pairwise interaction tensor factorization for personalized tag recommendation},
  author={Rendle, Steffen and Schmidt-Thieme, Lars},
  booktitle={Proc. of the third ACM international conference on Web search and data mining},
  pages={81--90},
  year={2010},
  organization={ACM}
}
@inproceedings{rendle2014improving,
 author = {Rendle, Steffen and Freudenthaler, Christoph},
 title = {Improving Pairwise Learning for Item Recommendation from Implicit Feedback},
 booktitle = {Proc. of the 7th ACM International Conference on Web Search and Data Mining},
 series = {WSDM '14},
 year = {2014},
 isbn = {978-1-4503-2351-2},
 location = {New York, New York, USA},
 pages = {273--282},
 numpages = {10},
 url = {http://doi.acm.org/10.1145/2556195.2556248},
 doi = {10.1145/2556195.2556248},
 acmid = {2556248},
 publisher = {ACM},
 address = {New York, NY, USA},
 keywords = {factorization model, item recommendation, matrix factorization, recommender systems},
}
@inproceedings{riedel2013relation,
  title={Relation Extraction with Matrix Factorization and Universal Schemas},
  author={Riedel, Sebastian and Yao, Limin and McCallum, Andrew and Marlin, Benjamin M},
  booktitle={Proc. of NAACL-HLT},
  pages={74--84},
  year={2013}
}
@article{rogers2013multilinear,
  title={Multilinear Dynamical Systems for Tensor Time Series},
  author={Rogers, Mark and Li, Lei and Russell, Stuart},
  year={2013}
}
@article{romera2013new,
  title={A New Convex Relaxation for Tensor Completion},
  author={Romera-Paredes, Bernardino and Pontil, Massimiliano},
  journal={arXiv preprint arXiv:1307.4653},
  year={2013}
}
@article{rumelhart1986learning,
  title={Learning representations by back-propagating errors},
  author={Rumelhart, David E and Hinton, Geoffrey E and Williams, Ronald J},
  journal={Nature},
  volume={323},
  pages={533--536},
  year={1986}
}
@article{salakhutdinov2009semantic,
  title={Semantic hashing},
  author={Salakhutdinov, Ruslan and Hinton, Geoffrey},
  journal={International Journal of Approximate Reasoning},
  volume={50},
  number={7},
  pages={969--978},
  year={2009},
  publisher={Elsevier}
}
@article{schmidhuber2009ultimate,
  title={Ultimate cognition {\`a} la G{\"o}del},
  author={Schmidhuber, J{\"u}rgen},
  journal={Cognitive Computation},
  volume={1},
  number={2},
  pages={177--193},
  year={2009},
  publisher={Springer}
}
@inproceedings{schoenmackers2010learning,
  title={Learning first-order horn clauses from web text},
  author={Schoenmackers, Stefan and Etzioni, Oren and Weld, Daniel S and Davis, Jesse},
  booktitle={Proceedings of the 2010 Conference on Empirical Methods in Natural Language Processing},
  pages={1088--1098},
  year={2010},
  organization={Association for Computational Linguistics}
}
@inproceedings{schulman2015gradient,
  title={Gradient estimation using stochastic computation graphs},
  author={Schulman, John and Heess, Nicolas and Weber, Theophane and Abbeel, Pieter},
  booktitle={NIPS},
  pages={3528--3536},
  year={2015}
}
@inproceedings{schutze1993word,
  title={Word space},
  author={Sch{\"u}tze, Hinrich},
  booktitle={Advances in Neural Information Processing Systems 5},
  year={1993},
  organization={Citeseer}
}
@article{segler2017towards,
  title={Towards" AlphaChem": Chemical Synthesis Planning with Tree Search and Deep Neural Network Policies},
  author={Segler, Marwin and Preu{\ss}, Mike and Waller, Mark P},
  journal={arXiv preprint arXiv:1702.00020},
  year={2017}
}
@inproceedings{sharmanska2013learning,
  title={Learning to Rank Using Privileged Information},
  author={Sharmanska, Viktoriia and Quadrianto, Novi and Lampert, Christoph H},
  booktitle={Computer Vision (ICCV), 2013 IEEE International Conference on},
  pages={825--832},
  year={2013},
  organization={IEEE}
}
@article{shavlik1991symbolic,
  title={Symbolic and neural learning algorithms: An experimental comparison},
  author={Shavlik, Jude W and Mooney, Raymond J and Towell, Geoffrey G},
  journal={Machine learning},
  volume={6},
  number={2},
  pages={111--143},
  year={1991},
  publisher={Springer}
}
@article{silver2016mastering,
  title={Mastering the game of Go with deep neural networks and tree search},
  author={Silver, David and Huang, Aja and Maddison, Chris J and Guez, Arthur and Sifre, Laurent and Van Den Driessche, George and Schrittwieser, Julian and Antonoglou, Ioannis and Panneershelvam, Veda and Lanctot, Marc and others},
  journal={Nature},
  volume={529},
  number={7587},
  pages={484--489},
  year={2016},
  publisher={Nature Publishing Group}
}
@misc{skiena2008algorithm,
  title={The Algorithm Design Manual. 2008},
  author={Skiena, Steven S},
  publisher={Springer, London},
  year = {2008}
}
@inproceedings{socher2011semi,
  title={Semi-supervised recursive autoencoders for predicting sentiment distributions},
  author={Socher, Richard and Pennington, Jeffrey and Huang, Eric H and Ng, Andrew Y and Manning, Christopher D},
  booktitle={Proc. of the Conference on Empirical Methods in Natural Language Processing},
  pages={151--161},
  year={2011},
  organization={Association for Computational Linguistics}
}
@inproceedings{socher2012semantic,
  title={Semantic compositionality through recursive matrix-vector spaces},
  author={Socher, Richard and Huval, Brody and Manning, Christopher D and Ng, Andrew Y},
  booktitle={Proc. of EMNLP},
  pages={1201--1211},
  year={2012}
}
@inproceedings{socher2013reasoning,
  author    = {Richard Socher and
               Danqi Chen and
               Christopher D. Manning and
               Andrew Y. Ng},
  title     = {Reasoning With Neural Tensor Networks for Knowledge Base
               Completion},
  booktitle = {Proc. of of Advances in Neural Information Processing Systems (NIPS)},
  year      = {2013},
  pages     = {926-934},
  ee        = {http://papers.nips.cc/paper/5028-reasoning-with-neural-tensor-networks-for-knowledge-base-completion},
  crossref  = {DBLP:conf/nips/2013},
  bibsource = {DBLP, http://dblp.uni-trier.de}
}
@article{song2011kernel,
  title={Kernel belief propagation},
  author={Song, Le and Gretton, Arthur and Bickson, Danny and Low, Yucheng and Guestrin, Carlos},
  journal={arXiv preprint arXiv:1105.5592},
  year={2011}
}
@article{speriosu2013text,
  title={Text-Driven Toponym Resolution using Indirect Supervision},
  author={Speriosu, Michael and Baldridge, Jason},
  year={2013}
}
@inproceedings{srebro2004generalization,
  title={Generalization error bounds for collaborative prediction with low-rank matrices},
  author={Srebro, Nathan and Alon, Noga and Jaakkola, Tommi S},
  booktitle={Advances In Neural Information Processing Systems},
  pages={1321--1328},
  year={2004}
}
@inproceedings{suchanek2007yago,
  title={YAGO: A Core of Semantic Knowledge Unifying WordNet and Wikipedia},
  author={Suchanek, Fabian M and Kasneci, Gjergji and Weikum, Gerhard},
  booktitle={Proc. of the 16th international conference on World Wide Web},
  pages={697--706},
  year={2007},
  organization={ACM}
}
@article{sukhbaatar2015end,
  title={End-to-end memory networks},
  author={Sukhbaatar, Sainbayar and Szlam, Arthur and Weston, Jason and Fergus, Rob},
  journal={arXiv preprint arXiv:1503.08895},
  year={2015}
}
@inproceedings{surdeanu2012multi,
  title={Multi-instance multi-label learning for relation extraction},
  author={Surdeanu, Mihai and Tibshirani, Julie and Nallapati, Ramesh and Manning, Christopher D},
  booktitle={Proc. of the 2012 Joint Conference on Empirical Methods in Natural Language Processing and Computational Natural Language Learning},
  pages={455--465},
  year={2012},
  organization={Association for Computational Linguistics}
}
@inproceedings{sutskever2009modelling,
  title={Modelling relational data using Bayesian clustered tensor factorization},
  author={Sutskever, Ilya and Tenenbaum, Joshua B and Salakhutdinov, Ruslan},
  booktitle={Advances in neural information processing systems},
  pages={1821--1828},
  year={2009}
}
@phdthesis{sutskever2013training,
  title={Training recurrent neural networks},
  author={Sutskever, Ilya},
  year={2013},
  school={University of Toronto}
}
@inproceedings{sutskever2014sequence,
  title={Sequence to sequence learning with neural networks},
  author={Sutskever, Ilya and Vinyals, Oriol and Le, Quoc VV},
  booktitle={Advances in Neural Information Processing Systems},
  pages={3104--3112},
  year={2014}
}
@article{teschl2004topics,
  title={Topics in Real and Functional analysis},
  author={Teschl, Gerald},
  journal={unpublished, available online at http://www. mat. univie. ac. at/\~{} gerald},
  year={2004}
}
@misc{thomas2013seth,
  title={{SETH: SNP Extraction Tool for Human Variations}},
  author={Thomas, Philippe and Rockt{\"a}schel, Tim and Mayer, Yvonne and Leser, Ulf},
  howpublished = {\url{http://rockt.github.io/SETH/}},
  year = {2014}
}
@article{todeschini2013probabilistic,
  title={Probabilistic Low-Rank Matrix Completion with Adaptive Spectral Regularization Algorithms},
  author={Todeschini, Adrien and Caron, Fran{\c{c}}ois and Chavent, Marie},
  year={2013}
}
@inproceedings{toutanova2015observed,
  title={Observed versus latent features for knowledge base and text inference},
  author={Toutanova, Kristina and Chen, Danqi},
  booktitle={Proceedings of the 3rd Workshop on Continuous Vector Space Models and their Compositionality},
  pages={57--66},
  year={2015}
}
@article{toutanova2015representing,
  title={Representing text for joint embedding of text and knowledge bases},
  author={Toutanova, Kristina and Chen, Danqi and Pantel, Patrick and Choudhury, Pallavi and Gamon, Michael},
  journal={ACL Association for Computational Linguistics},
  year={2015},
  publisher={Citeseer}
}
@inproceedings{toutanova2016compositional,
  title={Compositional Learning of Embeddings for Relation Paths in Knowledge Bases and Text},
  author={Toutanova, Kristina and Lin, Xi Victoria and Yih, Wen-tau and Poon, Hoifung and Quirk, Chris},
  year={2016},
  organization={ACL}
}
@article{towell1994knowledge,
  title={Knowledge-based artificial neural networks},
  author={Towell, Geoffrey G and Shavlik, Jude W},
  journal={Artificial intelligence},
  volume={70},
  number={1},
  pages={119--165},
  year={1994},
  publisher={Elsevier}
}
@book{trefethen1997numerical,
  title={Numerical linear algebra},
  author={Trefethen, Lloyd N and Bau III, David},
  volume={50},
  year={1997},
  publisher={Siam}
}
@inproceedings{trouillon2016complex,
  title={Complex embeddings for simple link prediction},
  author={Trouillon, Th{\'e}o and Welbl, Johannes and Riedel, Sebastian and Gaussier, {\'E}ric and Bouchard, Guillaume},
  journal={International Conference on Machine Learning (ICML)},
  year={2016}
}
@article{tucker1966some,
  title={Some mathematical notes on three-mode factor analysis},
  author={Tucker, Ledyard R},
  journal={Psychometrika},
  volume={31},
  number={3},
  pages={279--311},
  year={1966},
  publisher={Springer}
}
@article{turney2010frequency,
  title={From frequency to meaning: Vector space models of semantics},
  author={Turney, Peter D and Pantel, Patrick and others},
  journal={Journal of artificial intelligence research},
  volume={37},
  number={1},
  pages={141--188},
  year={2010}
}
@article{urban2015neural,
  title={A Neural Transfer Function for a Smooth and Differentiable Transition Between Additive and Multiplicative Interactions},
  author={Urban, Sebastian and van der Samgt, Patrick},
  journal={arXiv preprint arXiv:1503.05724},
  year={2015}
}
@article{valpola2014neural,
  title={From neural PCA to deep unsupervised learning},
  author={Valpola, Harri},
  journal={arXiv preprint arXiv:1411.7783},
  year={2014}
}
@inproceedings{van2013complexity,
  author    = {Van den Broeck, Guy and
               Adnan Darwiche},
  title     = {On the Complexity and Approximation of Binary Evidence in
               Lifted Inference},
  booktitle = {Proc. of NIPS},
  year      = {2013},
  pages     = {2868-2876},
  ee        = {http://papers.nips.cc/paper/4861-on-the-complexity-and-approximation-of-binary-evidence-in-lifted-inference},
  crossref  = {DBLP:conf/nips/2013},
  bibsource = {DBLP, http://dblp.uni-trier.de}
}
@inproceedings{van2013tensor,
  title={A tensor-based factorization model of semantic compositionality},
  author={Van de Cruys, Tim and Poibeau, Thierry and Korhonen, Anna},
  booktitle={Proc. of NAACL-HLT},
  pages={1142--1151},
  year={2013}
}
@article{verga2015multilingual,
  title={Multilingual Relation Extraction using Compositional Universal Schema},
  author={Verga, Patrick and Belanger, David and Strubell, Emma and Roth, Benjamin and McCallum, Andrew},
  journal={arXiv preprint arXiv:1511.06396},
  year={2015}
}
@article{verga2016generalizing,
  title={Generalizing to Unseen Entities and Entity Pairs with Row-less Universal Schema},
  author={Verga, Patrick and Neelakantan, Arvind and McCallum, Andrew},
  journal={arXiv preprint arXiv:1606.05804},
  year={2016}
}
@article{vinyals2014grammar,
  title={Grammar as a Foreign Language},
  author={Vinyals, Oriol and Kaiser, Lukasz and Koo, Terry and Petrov, Slav and Sutskever, Ilya and Hinton, Geoffrey},
  journal={arXiv preprint arXiv:1412.7449},
  year={2014}
}
@incollection{vladymyrov2013locally,
  title={Locally Linear Landmarks for Large-Scale Manifold Learning},
  author={Vladymyrov, Max and Carreira-Perpin{\'a}n, Miguel {\'A}},
  booktitle={Machine Learning and Knowledge Discovery in Databases},
  pages={256--271},
  year={2013},
  publisher={Springer}
}
@incollection{volker2011statistical,
  title={Statistical schema induction},
  author={V{\"o}lker, Johanna and Niepert, Mathias},
  booktitle={The Semantic Web: Research and Applications},
  pages={124--138},
  year={2011},
  publisher={Springer}
}
@book{wallwork2010english,
  title={English for presentations at international conferences},
  author={Wallwork, Adrian},
  year={2010},
  publisher={Springer Science \& Business Media}
}
@book{wallwork2011english,
  title={English for writing research papers},
  author={Wallwork, Adrian},
  year={2011},
  publisher={Springer Science \& Business Media}
}
@inproceedings{wang2013programming,
  title={Programming with personalized pagerank: a locally groundable first-order probabilistic logic},
  author={Wang, William Yang and Mazaitis, Kathryn and Cohen, William W},
  booktitle={Proceedings of the 22nd ACM International Conference on information \& knowledge management},
  pages={2129--2138},
  year={2013},
  organization={ACM}
}
@inproceedings{wang2014knowledge,
  title={Knowledge Graph Embedding by Translating on Hyperplanes},
  author={Wang, Zhen and Zhang, Jianwen and Feng, Jianlin and Chen, Zheng},
  booktitle={Twenty-Eighth AAAI Conference on Artificial Intelligence},
  year={2014}
}
@inproceedings{wang2015joint,
  title={Joint Information Extraction and Reasoning: A Scalable Statistical Relational Learning Approach.},
  author={Wang, William Yang and Cohen, William W},
  booktitle={Proc. of Association for Computational Linguistics (ACL)},
  pages={355--364},
  year={2015}
}
@article{wang2017bilateral,
  title={Bilateral Multi-Perspective Matching for Natural Language Sentences},
  author={Wang, Zhiguo and Hamza, Wael and Florian, Radu},
  journal={arXiv preprint arXiv:1702.03814},
  year={2017}
}
@article{wang2017embedding,
  title={Embedding Knowledge Graphs Based on Transitivity and Antisymmetry of Rules},
  author={Wang, Mengya and Zhuo, Hankui and Zhu, Huiling},
  journal={arXiv preprint arXiv:1702.07543},
  year={2017}
}
@article{weissenborn2016separating,
  title={Separating answers from queries for neural reading comprehension},
  author={Weissenborn, Dirk},
  journal={arXiv preprint arXiv:1607.03316},
  year={2016}
}
@article{weston2014memory,
  title={Memory networks},
  author={Weston, Jason and Chopra, Sumit and Bordes, Antoine},
  journal={arXiv preprint arXiv:1410.3916},
  year={2014}
}
@article{widdows2014reasoning,
  title={Reasoning with vectors: a continuous model for fast robust inference},
  author={Widdows, Dominic and Cohen, Trevor},
  journal={Logic Journal of IGPL},
  pages={jzu028},
  year={2014},
  publisher={Oxford Univ Press}
}
@inproceedings{wu2012probase,
  title={Probase: A probabilistic taxonomy for text understanding},
  author={Wu, Wentao and Li, Hongsong and Wang, Haixun and Zhu, Kenny Q},
  booktitle={Proc. of the 2012 ACM SIGMOD International Conference on Management of Data},
  pages={481--492},
  year={2012},
  organization={ACM}
}
@article{yang2014embedding,
  title={Embedding Entities and Relations for Learning and Inference in Knowledge Bases},
  author={Yang, Bishan and Yih, Wen-tau and He, Xiaodong and Gao, Jianfeng and Deng, Li},
  journal={arXiv preprint arXiv:1412.6575},
  year={2014}
}
 @unpublished{yao2014universal,
	author = "Limin Yao",
	title = "Universal Schema for Knowledge Representation from Text and Structured Data",
	year = 2014
}
@inproceedings{yu2015combining,
  title={{Combining Word Embeddings and Feature Embeddings for Fine-grained Relation Extraction}},
  author={Yu, Mo and Intelligence, Machine and Gormley, Matthew R and Dredze, Mark},
  year={2015}
}
@article{zaremba2014learning,
  title={Learning to Execute},
  author={Zaremba, Wojciech and Sutskever, Ilya},
  journal={arXiv preprint arXiv:1410.4615},
  year={2014}
}
@article{zaremba2015learning,
  title={Learning Simple Algorithms from Examples},
  author={Zaremba, Wojciech and Mikolov, Tomas and Joulin, Armand and Fergus, Rob},
  journal={arXiv preprint arXiv:1511.07275},
  year={2015}
}
@article{zeiler2012adadelta,
  title={ADADELTA: An adaptive learning rate method},
  author={Zeiler, Matthew D},
  journal={arXiv preprint arXiv:1212.5701},
  year={2012}
}
@inproceedings{zettlemoyer2005learning,
  title={Learning to map sentences to logical form: Structured classification with probabilistic categorial grammars},
  author={Zettlemoyer, Luke S and Collins, Michael},
  booktitle={Uncertainty in Artifical Intelligence (UAI)},
  year={2005}
}
@inproceedings{zhiltsov2013improving,
  title={Improving entity search over linked data by modeling latent semantics},
  author={Zhiltsov, Nikita and Agichtein, Eugene},
  booktitle={Proc. of the 22nd ACM international conference on Conference on information \& knowledge management},
  pages={1253--1256},
  year={2013},
  organization={ACM}
}
